%YAML 1.1
%TAG !u! tag:unity3d.com,2011:
--- !u!1 &149257384070006128
GameObject:
  m_ObjectHideFlags: 0
  m_CorrespondingSourceObject: {fileID: 0}
  m_PrefabInstance: {fileID: 0}
  m_PrefabAsset: {fileID: 0}
  serializedVersion: 6
  m_Component:
  - component: {fileID: 4958123691113919275}
  - component: {fileID: 59168333810839679}
  m_Layer: 5
  m_Name: SafeArea
  m_TagString: Untagged
  m_Icon: {fileID: 0}
  m_NavMeshLayer: 0
  m_StaticEditorFlags: 0
  m_IsActive: 1
--- !u!224 &4958123691113919275
RectTransform:
  m_ObjectHideFlags: 0
  m_CorrespondingSourceObject: {fileID: 0}
  m_PrefabInstance: {fileID: 0}
  m_PrefabAsset: {fileID: 0}
  m_GameObject: {fileID: 149257384070006128}
  m_LocalRotation: {x: 0, y: 0, z: 0, w: 1}
  m_LocalPosition: {x: 0, y: 0, z: 0}
  m_LocalScale: {x: 1, y: 1, z: 1}
  m_Children:
  - {fileID: 7244359279002227852}
  m_Father: {fileID: 5928378297106448501}
  m_RootOrder: 1
  m_LocalEulerAnglesHint: {x: 0, y: 0, z: 0}
  m_AnchorMin: {x: 0, y: 0}
  m_AnchorMax: {x: 1, y: 1}
  m_AnchoredPosition: {x: 0, y: 0}
  m_SizeDelta: {x: 0, y: 0}
  m_Pivot: {x: 0.5, y: 0.5}
--- !u!222 &59168333810839679
CanvasRenderer:
  m_ObjectHideFlags: 0
  m_CorrespondingSourceObject: {fileID: 0}
  m_PrefabInstance: {fileID: 0}
  m_PrefabAsset: {fileID: 0}
  m_GameObject: {fileID: 149257384070006128}
  m_CullTransparentMesh: 1
--- !u!1 &817005676596877649
GameObject:
  m_ObjectHideFlags: 0
  m_CorrespondingSourceObject: {fileID: 0}
  m_PrefabInstance: {fileID: 0}
  m_PrefabAsset: {fileID: 0}
  serializedVersion: 6
  m_Component:
  - component: {fileID: 7331948012089069063}
  - component: {fileID: 6622693790935220375}
  - component: {fileID: 4151701769087155330}
  m_Layer: 5
  m_Name: UpgradesLayout
  m_TagString: Untagged
  m_Icon: {fileID: 0}
  m_NavMeshLayer: 0
  m_StaticEditorFlags: 0
  m_IsActive: 1
--- !u!224 &7331948012089069063
RectTransform:
  m_ObjectHideFlags: 0
  m_CorrespondingSourceObject: {fileID: 0}
  m_PrefabInstance: {fileID: 0}
  m_PrefabAsset: {fileID: 0}
  m_GameObject: {fileID: 817005676596877649}
  m_LocalRotation: {x: -0, y: -0, z: -0, w: 1}
  m_LocalPosition: {x: 0, y: 0, z: 0}
  m_LocalScale: {x: 1, y: 1, z: 1}
  m_Children:
  - {fileID: 8896054650161626640}
  - {fileID: 1018799753859438034}
  - {fileID: 4311750821327685213}
  m_Father: {fileID: 1064277231051464132}
  m_RootOrder: 3
  m_LocalEulerAnglesHint: {x: 0, y: 0, z: 0}
  m_AnchorMin: {x: 0.06481481, y: 0.05516727}
  m_AnchorMax: {x: 0.9351852, y: 0.881302}
  m_AnchoredPosition: {x: 0, y: 0}
  m_SizeDelta: {x: 0, y: 0.000015258789}
  m_Pivot: {x: 0.5, y: 0.5}
--- !u!222 &6622693790935220375
CanvasRenderer:
  m_ObjectHideFlags: 0
  m_CorrespondingSourceObject: {fileID: 0}
  m_PrefabInstance: {fileID: 0}
  m_PrefabAsset: {fileID: 0}
  m_GameObject: {fileID: 817005676596877649}
  m_CullTransparentMesh: 1
--- !u!114 &4151701769087155330
MonoBehaviour:
  m_ObjectHideFlags: 0
  m_CorrespondingSourceObject: {fileID: 0}
  m_PrefabInstance: {fileID: 0}
  m_PrefabAsset: {fileID: 0}
  m_GameObject: {fileID: 817005676596877649}
  m_Enabled: 1
  m_EditorHideFlags: 0
  m_Script: {fileID: 11500000, guid: 59f8146938fff824cb5fd77236b75775, type: 3}
  m_Name: 
  m_EditorClassIdentifier: 
  m_Padding:
    m_Left: 0
    m_Right: 0
    m_Top: 0
    m_Bottom: 0
  m_ChildAlignment: 4
  m_Spacing: 0
  m_ChildForceExpandWidth: 1
  m_ChildForceExpandHeight: 1
  m_ChildControlWidth: 1
  m_ChildControlHeight: 0
  m_ChildScaleWidth: 1
  m_ChildScaleHeight: 1
  m_ReverseArrangement: 0
--- !u!1 &949828503212310399
GameObject:
  m_ObjectHideFlags: 0
  m_CorrespondingSourceObject: {fileID: 0}
  m_PrefabInstance: {fileID: 0}
  m_PrefabAsset: {fileID: 0}
  serializedVersion: 6
  m_Component:
  - component: {fileID: 7995627530204893731}
  - component: {fileID: 4097524178774814116}
  - component: {fileID: 3583965518036153080}
  m_Layer: 5
  m_Name: UpgradesHeader
  m_TagString: Untagged
  m_Icon: {fileID: 0}
  m_NavMeshLayer: 0
  m_StaticEditorFlags: 0
  m_IsActive: 1
--- !u!224 &7995627530204893731
RectTransform:
  m_ObjectHideFlags: 0
  m_CorrespondingSourceObject: {fileID: 0}
  m_PrefabInstance: {fileID: 0}
  m_PrefabAsset: {fileID: 0}
  m_GameObject: {fileID: 949828503212310399}
  m_LocalRotation: {x: -0, y: -0, z: -0, w: 1}
  m_LocalPosition: {x: 0, y: 0, z: 0}
  m_LocalScale: {x: 1, y: 1, z: 1}
  m_Children:
  - {fileID: 2373281815138034686}
  m_Father: {fileID: 1064277231051464132}
  m_RootOrder: 1
  m_LocalEulerAnglesHint: {x: 0, y: 0, z: 0}
  m_AnchorMin: {x: 0.32407406, y: 0.8984868}
  m_AnchorMax: {x: 0.6759259, y: 0.99999875}
  m_AnchoredPosition: {x: 0, y: 0}
  m_SizeDelta: {x: 0, y: -0.000015258789}
  m_Pivot: {x: 0.5, y: 0.5}
--- !u!222 &4097524178774814116
CanvasRenderer:
  m_ObjectHideFlags: 0
  m_CorrespondingSourceObject: {fileID: 0}
  m_PrefabInstance: {fileID: 0}
  m_PrefabAsset: {fileID: 0}
  m_GameObject: {fileID: 949828503212310399}
  m_CullTransparentMesh: 1
--- !u!114 &3583965518036153080
MonoBehaviour:
  m_ObjectHideFlags: 0
  m_CorrespondingSourceObject: {fileID: 0}
  m_PrefabInstance: {fileID: 0}
  m_PrefabAsset: {fileID: 0}
  m_GameObject: {fileID: 949828503212310399}
  m_Enabled: 1
  m_EditorHideFlags: 0
  m_Script: {fileID: 11500000, guid: fe87c0e1cc204ed48ad3b37840f39efc, type: 3}
  m_Name: 
  m_EditorClassIdentifier: 
  m_Material: {fileID: 0}
  m_Color: {r: 1, g: 1, b: 1, a: 1}
  m_RaycastTarget: 1
  m_RaycastPadding: {x: 0, y: 0, z: 0, w: 0}
  m_Maskable: 1
  m_OnCullStateChanged:
    m_PersistentCalls:
      m_Calls: []
  m_Sprite: {fileID: 21300000, guid: eb85ce8649b2a3e4a89a83c7fef79f9a, type: 3}
  m_Type: 0
  m_PreserveAspect: 0
  m_FillCenter: 1
  m_FillMethod: 4
  m_FillAmount: 1
  m_FillClockwise: 1
  m_FillOrigin: 0
  m_UseSpriteMesh: 0
  m_PixelsPerUnitMultiplier: 1
--- !u!1 &1437900034764392721
GameObject:
  m_ObjectHideFlags: 0
  m_CorrespondingSourceObject: {fileID: 0}
  m_PrefabInstance: {fileID: 0}
  m_PrefabAsset: {fileID: 0}
  serializedVersion: 6
  m_Component:
  - component: {fileID: 2273087139452678790}
  - component: {fileID: 8233230346046238712}
  - component: {fileID: 1207513377873404504}
  m_Layer: 5
  m_Name: Background
  m_TagString: Untagged
  m_Icon: {fileID: 0}
  m_NavMeshLayer: 0
  m_StaticEditorFlags: 0
  m_IsActive: 1
--- !u!224 &2273087139452678790
RectTransform:
  m_ObjectHideFlags: 0
  m_CorrespondingSourceObject: {fileID: 0}
  m_PrefabInstance: {fileID: 0}
  m_PrefabAsset: {fileID: 0}
  m_GameObject: {fileID: 1437900034764392721}
  m_LocalRotation: {x: -0, y: -0, z: -0, w: 1}
  m_LocalPosition: {x: 0, y: 0, z: 0}
  m_LocalScale: {x: 1, y: 1, z: 1}
  m_Children: []
  m_Father: {fileID: 5928378297106448501}
  m_RootOrder: 0
  m_LocalEulerAnglesHint: {x: 0, y: 0, z: 0}
  m_AnchorMin: {x: 0, y: 0}
  m_AnchorMax: {x: 1, y: 1}
  m_AnchoredPosition: {x: 0, y: 0}
  m_SizeDelta: {x: 0, y: 0}
  m_Pivot: {x: 0.5, y: 0.5}
--- !u!222 &8233230346046238712
CanvasRenderer:
  m_ObjectHideFlags: 0
  m_CorrespondingSourceObject: {fileID: 0}
  m_PrefabInstance: {fileID: 0}
  m_PrefabAsset: {fileID: 0}
  m_GameObject: {fileID: 1437900034764392721}
  m_CullTransparentMesh: 1
--- !u!114 &1207513377873404504
MonoBehaviour:
  m_ObjectHideFlags: 0
  m_CorrespondingSourceObject: {fileID: 0}
  m_PrefabInstance: {fileID: 0}
  m_PrefabAsset: {fileID: 0}
  m_GameObject: {fileID: 1437900034764392721}
  m_Enabled: 1
  m_EditorHideFlags: 0
  m_Script: {fileID: 11500000, guid: fe87c0e1cc204ed48ad3b37840f39efc, type: 3}
  m_Name: 
  m_EditorClassIdentifier: 
  m_Material: {fileID: 0}
  m_Color: {r: 0.034843363, g: 0.10893565, b: 0.2735849, a: 0.8627451}
  m_RaycastTarget: 1
  m_RaycastPadding: {x: 0, y: 0, z: 0, w: 0}
  m_Maskable: 1
  m_OnCullStateChanged:
    m_PersistentCalls:
      m_Calls: []
  m_Sprite: {fileID: 7482667652216324306, guid: 2828ccff4332f7242889ab3cc57494a4, type: 3}
  m_Type: 0
  m_PreserveAspect: 0
  m_FillCenter: 1
  m_FillMethod: 4
  m_FillAmount: 1
  m_FillClockwise: 1
  m_FillOrigin: 0
  m_UseSpriteMesh: 0
  m_PixelsPerUnitMultiplier: 1
--- !u!1 &1737287848645243583
GameObject:
  m_ObjectHideFlags: 0
  m_CorrespondingSourceObject: {fileID: 0}
  m_PrefabInstance: {fileID: 0}
  m_PrefabAsset: {fileID: 0}
  serializedVersion: 6
  m_Component:
  - component: {fileID: 1493315720083482402}
  - component: {fileID: 3549211226747438995}
  - component: {fileID: 4426640405624424774}
  m_Layer: 5
  m_Name: Text
  m_TagString: Untagged
  m_Icon: {fileID: 0}
  m_NavMeshLayer: 0
  m_StaticEditorFlags: 0
  m_IsActive: 1
--- !u!224 &1493315720083482402
RectTransform:
  m_ObjectHideFlags: 0
  m_CorrespondingSourceObject: {fileID: 0}
  m_PrefabInstance: {fileID: 0}
  m_PrefabAsset: {fileID: 0}
  m_GameObject: {fileID: 1737287848645243583}
  m_LocalRotation: {x: -0, y: -0, z: -0, w: 1}
  m_LocalPosition: {x: 0, y: 0, z: 0}
  m_LocalScale: {x: 1, y: 1, z: 1}
  m_Children: []
  m_Father: {fileID: 8034966145593382326}
  m_RootOrder: 0
  m_LocalEulerAnglesHint: {x: 0, y: 0, z: 0}
  m_AnchorMin: {x: 0, y: 0}
  m_AnchorMax: {x: 1, y: 1}
  m_AnchoredPosition: {x: 0, y: 0}
  m_SizeDelta: {x: 0, y: 0}
  m_Pivot: {x: 0.5, y: 0.5}
--- !u!222 &3549211226747438995
CanvasRenderer:
  m_ObjectHideFlags: 0
  m_CorrespondingSourceObject: {fileID: 0}
  m_PrefabInstance: {fileID: 0}
  m_PrefabAsset: {fileID: 0}
  m_GameObject: {fileID: 1737287848645243583}
  m_CullTransparentMesh: 1
--- !u!114 &4426640405624424774
MonoBehaviour:
  m_ObjectHideFlags: 0
  m_CorrespondingSourceObject: {fileID: 0}
  m_PrefabInstance: {fileID: 0}
  m_PrefabAsset: {fileID: 0}
  m_GameObject: {fileID: 1737287848645243583}
  m_Enabled: 0
  m_EditorHideFlags: 0
  m_Script: {fileID: 11500000, guid: 5f7201a12d95ffc409449d95f23cf332, type: 3}
  m_Name: 
  m_EditorClassIdentifier: 
  m_Material: {fileID: 0}
  m_Color: {r: 0.19607843, g: 0.19607843, b: 0.19607843, a: 1}
  m_RaycastTarget: 1
  m_RaycastPadding: {x: 0, y: 0, z: 0, w: 0}
  m_Maskable: 1
  m_OnCullStateChanged:
    m_PersistentCalls:
      m_Calls: []
  m_FontData:
    m_Font: {fileID: 10102, guid: 0000000000000000e000000000000000, type: 0}
    m_FontSize: 14
    m_FontStyle: 0
    m_BestFit: 0
    m_MinSize: 10
    m_MaxSize: 40
    m_Alignment: 4
    m_AlignByGeometry: 0
    m_RichText: 1
    m_HorizontalOverflow: 0
    m_VerticalOverflow: 0
    m_LineSpacing: 1
  m_Text: Button
--- !u!1 &2505407829904523661
GameObject:
  m_ObjectHideFlags: 0
  m_CorrespondingSourceObject: {fileID: 0}
  m_PrefabInstance: {fileID: 0}
  m_PrefabAsset: {fileID: 0}
  serializedVersion: 6
  m_Component:
  - component: {fileID: 1064277231051464132}
  m_Layer: 5
  m_Name: UpgradesPanel
  m_TagString: Untagged
  m_Icon: {fileID: 0}
  m_NavMeshLayer: 0
  m_StaticEditorFlags: 0
  m_IsActive: 1
--- !u!224 &1064277231051464132
RectTransform:
  m_ObjectHideFlags: 0
  m_CorrespondingSourceObject: {fileID: 0}
  m_PrefabInstance: {fileID: 0}
  m_PrefabAsset: {fileID: 0}
  m_GameObject: {fileID: 2505407829904523661}
  m_LocalRotation: {x: 0, y: 0, z: 0, w: 1}
  m_LocalPosition: {x: 0, y: 0, z: 0}
  m_LocalScale: {x: 1, y: 1, z: 1}
  m_Children:
  - {fileID: 3206430688127476531}
  - {fileID: 7995627530204893731}
  - {fileID: 8034966145593382326}
  - {fileID: 7331948012089069063}
  m_Father: {fileID: 409424547358586460}
  m_RootOrder: 0
  m_LocalEulerAnglesHint: {x: 0, y: 0, z: 0}
  m_AnchorMin: {x: 0, y: 0}
  m_AnchorMax: {x: 1, y: 0.5307292}
  m_AnchoredPosition: {x: 0, y: 0}
  m_SizeDelta: {x: 0, y: 0}
  m_Pivot: {x: 0.5, y: 0.5}
--- !u!1 &3908604677586582081
GameObject:
  m_ObjectHideFlags: 0
  m_CorrespondingSourceObject: {fileID: 0}
  m_PrefabInstance: {fileID: 0}
  m_PrefabAsset: {fileID: 0}
  serializedVersion: 6
  m_Component:
  - component: {fileID: 5928378297106448501}
  - component: {fileID: 4312086256158189002}
  - component: {fileID: 1214520701141182531}
  m_Layer: 5
  m_Name: GameUpgradesWindow
  m_TagString: Untagged
  m_Icon: {fileID: 0}
  m_NavMeshLayer: 0
  m_StaticEditorFlags: 0
  m_IsActive: 1
--- !u!224 &5928378297106448501
RectTransform:
  m_ObjectHideFlags: 0
  m_CorrespondingSourceObject: {fileID: 0}
  m_PrefabInstance: {fileID: 0}
  m_PrefabAsset: {fileID: 0}
  m_GameObject: {fileID: 3908604677586582081}
  m_LocalRotation: {x: 0, y: 0, z: 0, w: 1}
  m_LocalPosition: {x: 0, y: 0, z: 0}
  m_LocalScale: {x: 1, y: 1, z: 1}
  m_Children:
  - {fileID: 2273087139452678790}
  - {fileID: 4958123691113919275}
  - {fileID: 409424547358586460}
  m_Father: {fileID: 0}
  m_RootOrder: 0
  m_LocalEulerAnglesHint: {x: 0, y: 0, z: 0}
  m_AnchorMin: {x: 0, y: 0}
  m_AnchorMax: {x: 1, y: 1}
  m_AnchoredPosition: {x: 0, y: 0}
  m_SizeDelta: {x: 0, y: 0}
  m_Pivot: {x: 0.5, y: 0.5}
--- !u!222 &4312086256158189002
CanvasRenderer:
  m_ObjectHideFlags: 0
  m_CorrespondingSourceObject: {fileID: 0}
  m_PrefabInstance: {fileID: 0}
  m_PrefabAsset: {fileID: 0}
  m_GameObject: {fileID: 3908604677586582081}
  m_CullTransparentMesh: 1
--- !u!114 &1214520701141182531
MonoBehaviour:
  m_ObjectHideFlags: 0
  m_CorrespondingSourceObject: {fileID: 0}
  m_PrefabInstance: {fileID: 0}
  m_PrefabAsset: {fileID: 0}
  m_GameObject: {fileID: 3908604677586582081}
  m_Enabled: 1
  m_EditorHideFlags: 0
  m_Script: {fileID: 11500000, guid: 092fca64d690429daf181b426a0a1824, type: 3}
  m_Name: 
  m_EditorClassIdentifier: 
  _safeAreaRects:
  - {fileID: 4958123691113919275}
  _mainRect: {fileID: 5928378297106448501}
  _gameUpgradesPanels:
  - {fileID: 2114422262860404920}
  - {fileID: 7494356674131309434}
  - {fileID: 6770220639939518709}
  _closeButtons:
  - {fileID: 7073184382121262040}
--- !u!1 &5933237718270433407
GameObject:
  m_ObjectHideFlags: 0
  m_CorrespondingSourceObject: {fileID: 0}
  m_PrefabInstance: {fileID: 0}
  m_PrefabAsset: {fileID: 0}
  serializedVersion: 6
  m_Component:
  - component: {fileID: 8034966145593382326}
  - component: {fileID: 8362364942725978}
  - component: {fileID: 3457820524389452446}
  - component: {fileID: 4063393927433507699}
  - component: {fileID: 7073184382121262040}
  - component: {fileID: 9208863834303557892}
  - component: {fileID: 793441495318288068}
  m_Layer: 5
  m_Name: CloseButton
  m_TagString: Untagged
  m_Icon: {fileID: 0}
  m_NavMeshLayer: 0
  m_StaticEditorFlags: 0
  m_IsActive: 1
--- !u!224 &8034966145593382326
RectTransform:
  m_ObjectHideFlags: 0
  m_CorrespondingSourceObject: {fileID: 0}
  m_PrefabInstance: {fileID: 0}
  m_PrefabAsset: {fileID: 0}
  m_GameObject: {fileID: 5933237718270433407}
  m_LocalRotation: {x: -0, y: -0, z: -0, w: 1}
  m_LocalPosition: {x: 0, y: 0, z: 0}
  m_LocalScale: {x: 1.3, y: 1.3, z: 1.3}
  m_Children:
  - {fileID: 1493315720083482402}
  m_Father: {fileID: 1064277231051464132}
  m_RootOrder: 2
  m_LocalEulerAnglesHint: {x: 0, y: 0, z: 0}
  m_AnchorMin: {x: 0.9057971, y: 0.9013869}
  m_AnchorMax: {x: 0.9863124, y: 0.9816239}
  m_AnchoredPosition: {x: 0, y: 0}
  m_SizeDelta: {x: 0, y: 0.000030517578}
  m_Pivot: {x: 0.5, y: 0.5}
--- !u!222 &8362364942725978
CanvasRenderer:
  m_ObjectHideFlags: 0
  m_CorrespondingSourceObject: {fileID: 0}
  m_PrefabInstance: {fileID: 0}
  m_PrefabAsset: {fileID: 0}
  m_GameObject: {fileID: 5933237718270433407}
  m_CullTransparentMesh: 1
--- !u!114 &3457820524389452446
MonoBehaviour:
  m_ObjectHideFlags: 0
  m_CorrespondingSourceObject: {fileID: 0}
  m_PrefabInstance: {fileID: 0}
  m_PrefabAsset: {fileID: 0}
  m_GameObject: {fileID: 5933237718270433407}
  m_Enabled: 1
  m_EditorHideFlags: 0
  m_Script: {fileID: 11500000, guid: fe87c0e1cc204ed48ad3b37840f39efc, type: 3}
  m_Name: 
  m_EditorClassIdentifier: 
  m_Material: {fileID: 0}
  m_Color: {r: 1, g: 1, b: 1, a: 1}
  m_RaycastTarget: 1
  m_RaycastPadding: {x: 0, y: 0, z: 0, w: 0}
  m_Maskable: 1
  m_OnCullStateChanged:
    m_PersistentCalls:
      m_Calls: []
  m_Sprite: {fileID: 21300000, guid: 045c9726faf564c4e86018f18388a1be, type: 3}
  m_Type: 0
  m_PreserveAspect: 1
  m_FillCenter: 1
  m_FillMethod: 4
  m_FillAmount: 1
  m_FillClockwise: 1
  m_FillOrigin: 0
  m_UseSpriteMesh: 0
  m_PixelsPerUnitMultiplier: 1
--- !u!114 &4063393927433507699
MonoBehaviour:
  m_ObjectHideFlags: 0
  m_CorrespondingSourceObject: {fileID: 0}
  m_PrefabInstance: {fileID: 0}
  m_PrefabAsset: {fileID: 0}
  m_GameObject: {fileID: 5933237718270433407}
  m_Enabled: 1
  m_EditorHideFlags: 0
  m_Script: {fileID: 11500000, guid: 4e29b1a8efbd4b44bb3f3716e73f07ff, type: 3}
  m_Name: 
  m_EditorClassIdentifier: 
  m_Navigation:
    m_Mode: 3
    m_WrapAround: 0
    m_SelectOnUp: {fileID: 0}
    m_SelectOnDown: {fileID: 0}
    m_SelectOnLeft: {fileID: 0}
    m_SelectOnRight: {fileID: 0}
  m_Transition: 1
  m_Colors:
    m_NormalColor: {r: 1, g: 1, b: 1, a: 1}
    m_HighlightedColor: {r: 0.9607843, g: 0.9607843, b: 0.9607843, a: 1}
    m_PressedColor: {r: 0.78431374, g: 0.78431374, b: 0.78431374, a: 1}
    m_SelectedColor: {r: 0.9607843, g: 0.9607843, b: 0.9607843, a: 1}
    m_DisabledColor: {r: 0.78431374, g: 0.78431374, b: 0.78431374, a: 0.5019608}
    m_ColorMultiplier: 1
    m_FadeDuration: 0.1
  m_SpriteState:
    m_HighlightedSprite: {fileID: 0}
    m_PressedSprite: {fileID: 0}
    m_SelectedSprite: {fileID: 0}
    m_DisabledSprite: {fileID: 0}
  m_AnimationTriggers:
    m_NormalTrigger: Normal
    m_HighlightedTrigger: Highlighted
    m_PressedTrigger: Pressed
    m_SelectedTrigger: Selected
    m_DisabledTrigger: Disabled
  m_Interactable: 1
  m_TargetGraphic: {fileID: 3457820524389452446}
  m_OnClick:
    m_PersistentCalls:
      m_Calls: []
--- !u!114 &7073184382121262040
MonoBehaviour:
  m_ObjectHideFlags: 0
  m_CorrespondingSourceObject: {fileID: 0}
  m_PrefabInstance: {fileID: 0}
  m_PrefabAsset: {fileID: 0}
  m_GameObject: {fileID: 5933237718270433407}
  m_Enabled: 1
  m_EditorHideFlags: 0
  m_Script: {fileID: 11500000, guid: 414e5bfa33425b044a58c002bddfcfb8, type: 3}
  m_Name: 
  m_EditorClassIdentifier: 
  _button: {fileID: 4063393927433507699}
  _strength: {x: -0.2, y: -0.2, z: 1}
  _duration: 0.2
  _elasticity: 1
  _vibrato: 10
--- !u!114 &9208863834303557892
MonoBehaviour:
  m_ObjectHideFlags: 0
  m_CorrespondingSourceObject: {fileID: 0}
  m_PrefabInstance: {fileID: 0}
  m_PrefabAsset: {fileID: 0}
  m_GameObject: {fileID: 5933237718270433407}
  m_Enabled: 1
  m_EditorHideFlags: 0
  m_Script: {fileID: 11500000, guid: 8691a591dd69f634183f333140b3a234, type: 3}
  m_Name: 
  m_EditorClassIdentifier: 
  _presetType: 0
--- !u!114 &793441495318288068
MonoBehaviour:
  m_ObjectHideFlags: 0
  m_CorrespondingSourceObject: {fileID: 0}
  m_PrefabInstance: {fileID: 0}
  m_PrefabAsset: {fileID: 0}
  m_GameObject: {fileID: 5933237718270433407}
  m_Enabled: 1
  m_EditorHideFlags: 0
  m_Script: {fileID: 11500000, guid: 00bb4b4ab93d3b34384316e774ff49f9, type: 3}
  m_Name: 
  m_EditorClassIdentifier: 
  _soundType: 2
--- !u!1 &6827705445385308906
GameObject:
  m_ObjectHideFlags: 0
  m_CorrespondingSourceObject: {fileID: 0}
  m_PrefabInstance: {fileID: 0}
  m_PrefabAsset: {fileID: 0}
  serializedVersion: 6
  m_Component:
  - component: {fileID: 2373281815138034686}
  - component: {fileID: 5630686440931000840}
  - component: {fileID: 2145731484314404543}
  m_Layer: 5
  m_Name: Text (TMP)
  m_TagString: Untagged
  m_Icon: {fileID: 0}
  m_NavMeshLayer: 0
  m_StaticEditorFlags: 0
  m_IsActive: 1
--- !u!224 &2373281815138034686
RectTransform:
  m_ObjectHideFlags: 0
  m_CorrespondingSourceObject: {fileID: 0}
  m_PrefabInstance: {fileID: 0}
  m_PrefabAsset: {fileID: 0}
  m_GameObject: {fileID: 6827705445385308906}
  m_LocalRotation: {x: 0, y: 0, z: 0, w: 1}
  m_LocalPosition: {x: 0, y: 0, z: 0}
  m_LocalScale: {x: 1, y: 1, z: 1}
  m_Children: []
  m_Father: {fileID: 7995627530204893731}
  m_RootOrder: 0
  m_LocalEulerAnglesHint: {x: 0, y: 0, z: 0}
  m_AnchorMin: {x: 0.048243932, y: 0.18149416}
  m_AnchorMax: {x: 0.9359567, y: 0.88248914}
  m_AnchoredPosition: {x: 0, y: 0}
  m_SizeDelta: {x: 0, y: 0.0000009536743}
  m_Pivot: {x: 0.5, y: 0.5}
--- !u!222 &5630686440931000840
CanvasRenderer:
  m_ObjectHideFlags: 0
  m_CorrespondingSourceObject: {fileID: 0}
  m_PrefabInstance: {fileID: 0}
  m_PrefabAsset: {fileID: 0}
  m_GameObject: {fileID: 6827705445385308906}
  m_CullTransparentMesh: 1
--- !u!114 &2145731484314404543
MonoBehaviour:
  m_ObjectHideFlags: 0
  m_CorrespondingSourceObject: {fileID: 0}
  m_PrefabInstance: {fileID: 0}
  m_PrefabAsset: {fileID: 0}
  m_GameObject: {fileID: 6827705445385308906}
  m_Enabled: 1
  m_EditorHideFlags: 0
  m_Script: {fileID: 11500000, guid: f4688fdb7df04437aeb418b961361dc5, type: 3}
  m_Name: 
  m_EditorClassIdentifier: 
  m_Material: {fileID: 0}
  m_Color: {r: 1, g: 1, b: 1, a: 1}
  m_RaycastTarget: 0
  m_RaycastPadding: {x: 0, y: 0, z: 0, w: 0}
  m_Maskable: 1
  m_OnCullStateChanged:
    m_PersistentCalls:
      m_Calls: []
  m_text: Upgrades
  m_isRightToLeft: 0
  m_fontAsset: {fileID: 11400000, guid: aa679dfec7d3ac243be4c942d9e49457, type: 2}
  m_sharedMaterial: {fileID: 2100000, guid: fdceed7a546599c4a8a79c720856e814, type: 2}
  m_fontSharedMaterials: []
  m_fontMaterial: {fileID: 0}
  m_fontMaterials: []
  m_fontColor32:
    serializedVersion: 2
    rgba: 4294608903
  m_fontColor: {r: 0.02745098, g: 0.53333336, b: 0.98039216, a: 1}
  m_enableVertexGradient: 0
  m_colorMode: 3
  m_fontColorGradient:
    topLeft: {r: 1, g: 1, b: 1, a: 1}
    topRight: {r: 1, g: 1, b: 1, a: 1}
    bottomLeft: {r: 1, g: 1, b: 1, a: 1}
    bottomRight: {r: 1, g: 1, b: 1, a: 1}
  m_fontColorGradientPreset: {fileID: 0}
  m_spriteAsset: {fileID: 0}
  m_tintAllSprites: 0
  m_StyleSheet: {fileID: 0}
  m_TextStyleHashCode: -1183493901
  m_overrideHtmlColors: 0
  m_faceColor:
    serializedVersion: 2
    rgba: 4294967295
  m_fontSize: 67.5
  m_fontSizeBase: 36
  m_fontWeight: 400
  m_enableAutoSizing: 1
  m_fontSizeMin: 18
  m_fontSizeMax: 67.5
  m_fontStyle: 0
  m_HorizontalAlignment: 2
  m_VerticalAlignment: 512
  m_textAlignment: 65535
  m_characterSpacing: 0
  m_wordSpacing: 0
  m_lineSpacing: 0
  m_lineSpacingMax: 0
  m_paragraphSpacing: 0
  m_charWidthMaxAdj: 0
  m_enableWordWrapping: 1
  m_wordWrappingRatios: 0.4
  m_overflowMode: 0
  m_linkedTextComponent: {fileID: 0}
  parentLinkedComponent: {fileID: 0}
  m_enableKerning: 1
  m_enableExtraPadding: 0
  checkPaddingRequired: 0
  m_isRichText: 1
  m_parseCtrlCharacters: 1
  m_isOrthographic: 1
  m_isCullingEnabled: 0
  m_horizontalMapping: 0
  m_verticalMapping: 0
  m_uvLineOffset: 0
  m_geometrySortingOrder: 0
  m_IsTextObjectScaleStatic: 0
  m_VertexBufferAutoSizeReduction: 0
  m_useMaxVisibleDescender: 1
  m_pageToDisplay: 1
  m_margin: {x: 0, y: 0.07159424, z: 0, w: -0.04296875}
  m_isUsingLegacyAnimationComponent: 0
  m_isVolumetricText: 0
  m_hasFontAssetChanged: 0
  m_baseMaterial: {fileID: 0}
  m_maskOffset: {x: 0, y: 0, z: 0, w: 0}
--- !u!1 &7306560204551931633
GameObject:
  m_ObjectHideFlags: 0
  m_CorrespondingSourceObject: {fileID: 0}
  m_PrefabInstance: {fileID: 0}
  m_PrefabAsset: {fileID: 0}
  serializedVersion: 6
  m_Component:
  - component: {fileID: 409424547358586460}
  - component: {fileID: 8629735835001306459}
  m_Layer: 5
  m_Name: FullArea
  m_TagString: Untagged
  m_Icon: {fileID: 0}
  m_NavMeshLayer: 0
  m_StaticEditorFlags: 0
  m_IsActive: 1
--- !u!224 &409424547358586460
RectTransform:
  m_ObjectHideFlags: 0
  m_CorrespondingSourceObject: {fileID: 0}
  m_PrefabInstance: {fileID: 0}
  m_PrefabAsset: {fileID: 0}
  m_GameObject: {fileID: 7306560204551931633}
  m_LocalRotation: {x: 0, y: 0, z: 0, w: 1}
  m_LocalPosition: {x: 0, y: 0, z: 0}
  m_LocalScale: {x: 1, y: 1, z: 1}
  m_Children:
  - {fileID: 1064277231051464132}
  m_Father: {fileID: 5928378297106448501}
  m_RootOrder: 2
  m_LocalEulerAnglesHint: {x: 0, y: 0, z: 0}
  m_AnchorMin: {x: 0, y: 0}
  m_AnchorMax: {x: 1, y: 1}
  m_AnchoredPosition: {x: 0, y: 0}
  m_SizeDelta: {x: 0, y: 0}
  m_Pivot: {x: 0.5, y: 0.5}
--- !u!222 &8629735835001306459
CanvasRenderer:
  m_ObjectHideFlags: 0
  m_CorrespondingSourceObject: {fileID: 0}
  m_PrefabInstance: {fileID: 0}
  m_PrefabAsset: {fileID: 0}
  m_GameObject: {fileID: 7306560204551931633}
  m_CullTransparentMesh: 1
--- !u!1 &7367142826616826502
GameObject:
  m_ObjectHideFlags: 0
  m_CorrespondingSourceObject: {fileID: 0}
  m_PrefabInstance: {fileID: 0}
  m_PrefabAsset: {fileID: 0}
  serializedVersion: 6
  m_Component:
  - component: {fileID: 3206430688127476531}
  - component: {fileID: 9098577000187552455}
  - component: {fileID: 1848144966338883698}
  m_Layer: 5
  m_Name: Background
  m_TagString: Untagged
  m_Icon: {fileID: 0}
  m_NavMeshLayer: 0
  m_StaticEditorFlags: 0
  m_IsActive: 1
--- !u!224 &3206430688127476531
RectTransform:
  m_ObjectHideFlags: 0
  m_CorrespondingSourceObject: {fileID: 0}
  m_PrefabInstance: {fileID: 0}
  m_PrefabAsset: {fileID: 0}
  m_GameObject: {fileID: 7367142826616826502}
  m_LocalRotation: {x: -0, y: -0, z: -0, w: 1}
  m_LocalPosition: {x: 0, y: 0, z: 0}
  m_LocalScale: {x: 1, y: 1, z: 1}
  m_Children: []
  m_Father: {fileID: 1064277231051464132}
  m_RootOrder: 0
  m_LocalEulerAnglesHint: {x: 0, y: 0, z: 0}
  m_AnchorMin: {x: 0, y: 0.0000000047510946}
  m_AnchorMax: {x: 1, y: 0.9510157}
  m_AnchoredPosition: {x: 0, y: -4.940918}
  m_SizeDelta: {x: 0, y: 0}
  m_Pivot: {x: 0.5, y: 0.5}
--- !u!222 &9098577000187552455
CanvasRenderer:
  m_ObjectHideFlags: 0
  m_CorrespondingSourceObject: {fileID: 0}
  m_PrefabInstance: {fileID: 0}
  m_PrefabAsset: {fileID: 0}
  m_GameObject: {fileID: 7367142826616826502}
  m_CullTransparentMesh: 1
--- !u!114 &1848144966338883698
MonoBehaviour:
  m_ObjectHideFlags: 0
  m_CorrespondingSourceObject: {fileID: 0}
  m_PrefabInstance: {fileID: 0}
  m_PrefabAsset: {fileID: 0}
  m_GameObject: {fileID: 7367142826616826502}
  m_Enabled: 1
  m_EditorHideFlags: 0
  m_Script: {fileID: 11500000, guid: fe87c0e1cc204ed48ad3b37840f39efc, type: 3}
  m_Name: 
  m_EditorClassIdentifier: 
  m_Material: {fileID: 0}
  m_Color: {r: 1, g: 1, b: 1, a: 1}
  m_RaycastTarget: 1
  m_RaycastPadding: {x: 0, y: 0, z: 0, w: 0}
  m_Maskable: 1
  m_OnCullStateChanged:
    m_PersistentCalls:
      m_Calls: []
  m_Sprite: {fileID: 21300000, guid: 779f7e7a89496324397da47b8a0c8e73, type: 3}
  m_Type: 1
  m_PreserveAspect: 0
  m_FillCenter: 1
  m_FillMethod: 4
  m_FillAmount: 1
  m_FillClockwise: 1
  m_FillOrigin: 0
  m_UseSpriteMesh: 0
  m_PixelsPerUnitMultiplier: 1
--- !u!1001 &1240683661008287994
PrefabInstance:
  m_ObjectHideFlags: 0
  serializedVersion: 2
  m_Modification:
    m_TransformParent: {fileID: 7331948012089069063}
    m_Modifications:
    - target: {fileID: 861793770344160943, guid: 0ffa07221ead47e4a96d1f0ff0d2e26c, type: 3}
      propertyPath: m_text
      value: ALIGNMENT
      objectReference: {fileID: 0}
    - target: {fileID: 861793770344160943, guid: 0ffa07221ead47e4a96d1f0ff0d2e26c, type: 3}
      propertyPath: m_fontSize
      value: 43.95
      objectReference: {fileID: 0}
    - target: {fileID: 884425592370286942, guid: 0ffa07221ead47e4a96d1f0ff0d2e26c, type: 3}
      propertyPath: m_fontSize
      value: 41.3
      objectReference: {fileID: 0}
    - target: {fileID: 1527264407920146665, guid: 0ffa07221ead47e4a96d1f0ff0d2e26c, type: 3}
      propertyPath: m_text
      value: Aligning speed after turning
      objectReference: {fileID: 0}
    - target: {fileID: 1527264407920146665, guid: 0ffa07221ead47e4a96d1f0ff0d2e26c, type: 3}
      propertyPath: m_fontSize
      value: 41.05
      objectReference: {fileID: 0}
    - target: {fileID: 2239498259339652392, guid: 0ffa07221ead47e4a96d1f0ff0d2e26c, type: 3}
      propertyPath: m_Pivot.x
      value: 0.5
      objectReference: {fileID: 0}
    - target: {fileID: 2239498259339652392, guid: 0ffa07221ead47e4a96d1f0ff0d2e26c, type: 3}
      propertyPath: m_Pivot.y
      value: 0.5
      objectReference: {fileID: 0}
    - target: {fileID: 2239498259339652392, guid: 0ffa07221ead47e4a96d1f0ff0d2e26c, type: 3}
      propertyPath: m_RootOrder
      value: 1
      objectReference: {fileID: 0}
    - target: {fileID: 2239498259339652392, guid: 0ffa07221ead47e4a96d1f0ff0d2e26c, type: 3}
      propertyPath: m_AnchorMax.x
      value: 0
      objectReference: {fileID: 0}
    - target: {fileID: 2239498259339652392, guid: 0ffa07221ead47e4a96d1f0ff0d2e26c, type: 3}
      propertyPath: m_AnchorMax.y
      value: 0
      objectReference: {fileID: 0}
    - target: {fileID: 2239498259339652392, guid: 0ffa07221ead47e4a96d1f0ff0d2e26c, type: 3}
      propertyPath: m_AnchorMin.x
      value: 0
      objectReference: {fileID: 0}
    - target: {fileID: 2239498259339652392, guid: 0ffa07221ead47e4a96d1f0ff0d2e26c, type: 3}
      propertyPath: m_AnchorMin.y
      value: 0
      objectReference: {fileID: 0}
    - target: {fileID: 2239498259339652392, guid: 0ffa07221ead47e4a96d1f0ff0d2e26c, type: 3}
      propertyPath: m_SizeDelta.x
      value: 0
      objectReference: {fileID: 0}
    - target: {fileID: 2239498259339652392, guid: 0ffa07221ead47e4a96d1f0ff0d2e26c, type: 3}
      propertyPath: m_SizeDelta.y
      value: 260
      objectReference: {fileID: 0}
    - target: {fileID: 2239498259339652392, guid: 0ffa07221ead47e4a96d1f0ff0d2e26c, type: 3}
      propertyPath: m_LocalPosition.x
      value: 0
      objectReference: {fileID: 0}
    - target: {fileID: 2239498259339652392, guid: 0ffa07221ead47e4a96d1f0ff0d2e26c, type: 3}
      propertyPath: m_LocalPosition.y
      value: 0
      objectReference: {fileID: 0}
    - target: {fileID: 2239498259339652392, guid: 0ffa07221ead47e4a96d1f0ff0d2e26c, type: 3}
      propertyPath: m_LocalPosition.z
      value: 0
      objectReference: {fileID: 0}
    - target: {fileID: 2239498259339652392, guid: 0ffa07221ead47e4a96d1f0ff0d2e26c, type: 3}
      propertyPath: m_LocalRotation.w
      value: 1
      objectReference: {fileID: 0}
    - target: {fileID: 2239498259339652392, guid: 0ffa07221ead47e4a96d1f0ff0d2e26c, type: 3}
      propertyPath: m_LocalRotation.x
      value: -0
      objectReference: {fileID: 0}
    - target: {fileID: 2239498259339652392, guid: 0ffa07221ead47e4a96d1f0ff0d2e26c, type: 3}
      propertyPath: m_LocalRotation.y
      value: -0
      objectReference: {fileID: 0}
    - target: {fileID: 2239498259339652392, guid: 0ffa07221ead47e4a96d1f0ff0d2e26c, type: 3}
      propertyPath: m_LocalRotation.z
      value: -0
      objectReference: {fileID: 0}
    - target: {fileID: 2239498259339652392, guid: 0ffa07221ead47e4a96d1f0ff0d2e26c, type: 3}
      propertyPath: m_AnchoredPosition.x
      value: 0
      objectReference: {fileID: 0}
    - target: {fileID: 2239498259339652392, guid: 0ffa07221ead47e4a96d1f0ff0d2e26c, type: 3}
      propertyPath: m_AnchoredPosition.y
      value: 0
      objectReference: {fileID: 0}
    - target: {fileID: 2239498259339652392, guid: 0ffa07221ead47e4a96d1f0ff0d2e26c, type: 3}
      propertyPath: m_LocalEulerAnglesHint.x
      value: 0
      objectReference: {fileID: 0}
    - target: {fileID: 2239498259339652392, guid: 0ffa07221ead47e4a96d1f0ff0d2e26c, type: 3}
      propertyPath: m_LocalEulerAnglesHint.y
      value: 0
      objectReference: {fileID: 0}
    - target: {fileID: 2239498259339652392, guid: 0ffa07221ead47e4a96d1f0ff0d2e26c, type: 3}
      propertyPath: m_LocalEulerAnglesHint.z
      value: 0
      objectReference: {fileID: 0}
    - target: {fileID: 4603582810481672135, guid: 0ffa07221ead47e4a96d1f0ff0d2e26c, type: 3}
      propertyPath: m_Sprite
      value: 
      objectReference: {fileID: 21300000, guid: 4d2298ffeb9ed8e4c8f579f454d42617, type: 3}
    - target: {fileID: 4603582810481672135, guid: 0ffa07221ead47e4a96d1f0ff0d2e26c, type: 3}
      propertyPath: m_PreserveAspect
      value: 0
      objectReference: {fileID: 0}
    - target: {fileID: 6652095653677427893, guid: 0ffa07221ead47e4a96d1f0ff0d2e26c, type: 3}
      propertyPath: m_fontSize
      value: 50.15
      objectReference: {fileID: 0}
    - target: {fileID: 7132499922662833393, guid: 0ffa07221ead47e4a96d1f0ff0d2e26c, type: 3}
      propertyPath: m_AnchoredPosition.x
      value: 1.3343964
      objectReference: {fileID: 0}
    - target: {fileID: 8360657879437525939, guid: 0ffa07221ead47e4a96d1f0ff0d2e26c, type: 3}
      propertyPath: m_fontSize
      value: 48.5
      objectReference: {fileID: 0}
    - target: {fileID: 8462120894267201148, guid: 0ffa07221ead47e4a96d1f0ff0d2e26c, type: 3}
      propertyPath: m_Name
      value: GameUpgradePanel (4)
      objectReference: {fileID: 0}
    - target: {fileID: 8734316443466402688, guid: 0ffa07221ead47e4a96d1f0ff0d2e26c, type: 3}
      propertyPath: _upgradeType
      value: 1
      objectReference: {fileID: 0}
    m_RemovedComponents: []
  m_SourcePrefab: {fileID: 100100000, guid: 0ffa07221ead47e4a96d1f0ff0d2e26c, type: 3}
--- !u!224 &1018799753859438034 stripped
RectTransform:
  m_CorrespondingSourceObject: {fileID: 2239498259339652392, guid: 0ffa07221ead47e4a96d1f0ff0d2e26c, type: 3}
  m_PrefabInstance: {fileID: 1240683661008287994}
  m_PrefabAsset: {fileID: 0}
--- !u!114 &7494356674131309434 stripped
MonoBehaviour:
  m_CorrespondingSourceObject: {fileID: 8734316443466402688, guid: 0ffa07221ead47e4a96d1f0ff0d2e26c, type: 3}
  m_PrefabInstance: {fileID: 1240683661008287994}
  m_PrefabAsset: {fileID: 0}
  m_GameObject: {fileID: 0}
  m_Enabled: 1
  m_EditorHideFlags: 0
  m_Script: {fileID: 11500000, guid: 28191bac43fa46e78e76005cc4cdbf61, type: 3}
  m_Name: 
  m_EditorClassIdentifier: 
--- !u!1001 &2648716133333986165
PrefabInstance:
  m_ObjectHideFlags: 0
  serializedVersion: 2
  m_Modification:
    m_TransformParent: {fileID: 7331948012089069063}
    m_Modifications:
    - target: {fileID: 861793770344160943, guid: 0ffa07221ead47e4a96d1f0ff0d2e26c, type: 3}
      propertyPath: m_text
      value: PASSIVE INCOME
      objectReference: {fileID: 0}
    - target: {fileID: 861793770344160943, guid: 0ffa07221ead47e4a96d1f0ff0d2e26c, type: 3}
      propertyPath: m_fontSize
      value: 43.95
      objectReference: {fileID: 0}
    - target: {fileID: 884425592370286942, guid: 0ffa07221ead47e4a96d1f0ff0d2e26c, type: 3}
      propertyPath: m_fontSize
      value: 41.3
      objectReference: {fileID: 0}
    - target: {fileID: 1527264407920146665, guid: 0ffa07221ead47e4a96d1f0ff0d2e26c, type: 3}
      propertyPath: m_text
      value: Your earnings in passive mode
      objectReference: {fileID: 0}
    - target: {fileID: 1527264407920146665, guid: 0ffa07221ead47e4a96d1f0ff0d2e26c, type: 3}
      propertyPath: m_fontSize
      value: 41.05
      objectReference: {fileID: 0}
    - target: {fileID: 2239498259339652392, guid: 0ffa07221ead47e4a96d1f0ff0d2e26c, type: 3}
      propertyPath: m_Pivot.x
      value: 0.5
      objectReference: {fileID: 0}
    - target: {fileID: 2239498259339652392, guid: 0ffa07221ead47e4a96d1f0ff0d2e26c, type: 3}
      propertyPath: m_Pivot.y
      value: 0.5
      objectReference: {fileID: 0}
    - target: {fileID: 2239498259339652392, guid: 0ffa07221ead47e4a96d1f0ff0d2e26c, type: 3}
      propertyPath: m_RootOrder
      value: 2
      objectReference: {fileID: 0}
    - target: {fileID: 2239498259339652392, guid: 0ffa07221ead47e4a96d1f0ff0d2e26c, type: 3}
      propertyPath: m_AnchorMax.x
      value: 0
      objectReference: {fileID: 0}
    - target: {fileID: 2239498259339652392, guid: 0ffa07221ead47e4a96d1f0ff0d2e26c, type: 3}
      propertyPath: m_AnchorMax.y
      value: 0
      objectReference: {fileID: 0}
    - target: {fileID: 2239498259339652392, guid: 0ffa07221ead47e4a96d1f0ff0d2e26c, type: 3}
      propertyPath: m_AnchorMin.x
      value: 0
      objectReference: {fileID: 0}
    - target: {fileID: 2239498259339652392, guid: 0ffa07221ead47e4a96d1f0ff0d2e26c, type: 3}
      propertyPath: m_AnchorMin.y
      value: 0
      objectReference: {fileID: 0}
    - target: {fileID: 2239498259339652392, guid: 0ffa07221ead47e4a96d1f0ff0d2e26c, type: 3}
      propertyPath: m_SizeDelta.x
      value: 0
      objectReference: {fileID: 0}
    - target: {fileID: 2239498259339652392, guid: 0ffa07221ead47e4a96d1f0ff0d2e26c, type: 3}
      propertyPath: m_SizeDelta.y
      value: 260
      objectReference: {fileID: 0}
    - target: {fileID: 2239498259339652392, guid: 0ffa07221ead47e4a96d1f0ff0d2e26c, type: 3}
      propertyPath: m_LocalPosition.x
      value: 0
      objectReference: {fileID: 0}
    - target: {fileID: 2239498259339652392, guid: 0ffa07221ead47e4a96d1f0ff0d2e26c, type: 3}
      propertyPath: m_LocalPosition.y
      value: 0
      objectReference: {fileID: 0}
    - target: {fileID: 2239498259339652392, guid: 0ffa07221ead47e4a96d1f0ff0d2e26c, type: 3}
      propertyPath: m_LocalPosition.z
      value: 0
      objectReference: {fileID: 0}
    - target: {fileID: 2239498259339652392, guid: 0ffa07221ead47e4a96d1f0ff0d2e26c, type: 3}
      propertyPath: m_LocalRotation.w
      value: 1
      objectReference: {fileID: 0}
    - target: {fileID: 2239498259339652392, guid: 0ffa07221ead47e4a96d1f0ff0d2e26c, type: 3}
      propertyPath: m_LocalRotation.x
      value: -0
      objectReference: {fileID: 0}
    - target: {fileID: 2239498259339652392, guid: 0ffa07221ead47e4a96d1f0ff0d2e26c, type: 3}
      propertyPath: m_LocalRotation.y
      value: -0
      objectReference: {fileID: 0}
    - target: {fileID: 2239498259339652392, guid: 0ffa07221ead47e4a96d1f0ff0d2e26c, type: 3}
      propertyPath: m_LocalRotation.z
      value: -0
      objectReference: {fileID: 0}
    - target: {fileID: 2239498259339652392, guid: 0ffa07221ead47e4a96d1f0ff0d2e26c, type: 3}
      propertyPath: m_AnchoredPosition.x
      value: 0
      objectReference: {fileID: 0}
    - target: {fileID: 2239498259339652392, guid: 0ffa07221ead47e4a96d1f0ff0d2e26c, type: 3}
      propertyPath: m_AnchoredPosition.y
      value: 0
      objectReference: {fileID: 0}
    - target: {fileID: 2239498259339652392, guid: 0ffa07221ead47e4a96d1f0ff0d2e26c, type: 3}
      propertyPath: m_LocalEulerAnglesHint.x
      value: 0
      objectReference: {fileID: 0}
    - target: {fileID: 2239498259339652392, guid: 0ffa07221ead47e4a96d1f0ff0d2e26c, type: 3}
      propertyPath: m_LocalEulerAnglesHint.y
      value: 0
      objectReference: {fileID: 0}
    - target: {fileID: 2239498259339652392, guid: 0ffa07221ead47e4a96d1f0ff0d2e26c, type: 3}
      propertyPath: m_LocalEulerAnglesHint.z
      value: 0
      objectReference: {fileID: 0}
    - target: {fileID: 4603582810481672135, guid: 0ffa07221ead47e4a96d1f0ff0d2e26c, type: 3}
      propertyPath: m_Sprite
      value: 
      objectReference: {fileID: 21300000, guid: 6cf565d5fa665d7498398ad6e698e1c2, type: 3}
    - target: {fileID: 4603582810481672135, guid: 0ffa07221ead47e4a96d1f0ff0d2e26c, type: 3}
      propertyPath: m_Color.b
      value: 1
      objectReference: {fileID: 0}
    - target: {fileID: 4603582810481672135, guid: 0ffa07221ead47e4a96d1f0ff0d2e26c, type: 3}
      propertyPath: m_Color.g
      value: 1
      objectReference: {fileID: 0}
    - target: {fileID: 4603582810481672135, guid: 0ffa07221ead47e4a96d1f0ff0d2e26c, type: 3}
      propertyPath: m_Color.r
      value: 1
      objectReference: {fileID: 0}
    - target: {fileID: 4603582810481672135, guid: 0ffa07221ead47e4a96d1f0ff0d2e26c, type: 3}
      propertyPath: m_PreserveAspect
      value: 1
      objectReference: {fileID: 0}
    - target: {fileID: 6652095653677427893, guid: 0ffa07221ead47e4a96d1f0ff0d2e26c, type: 3}
      propertyPath: m_fontSize
      value: 50.15
      objectReference: {fileID: 0}
    - target: {fileID: 7132499922662833393, guid: 0ffa07221ead47e4a96d1f0ff0d2e26c, type: 3}
      propertyPath: m_AnchoredPosition.x
      value: 1.3343964
      objectReference: {fileID: 0}
    - target: {fileID: 8360657879437525939, guid: 0ffa07221ead47e4a96d1f0ff0d2e26c, type: 3}
      propertyPath: m_fontSize
      value: 48.5
      objectReference: {fileID: 0}
    - target: {fileID: 8462120894267201148, guid: 0ffa07221ead47e4a96d1f0ff0d2e26c, type: 3}
      propertyPath: m_Name
      value: GameUpgradePanel (5)
      objectReference: {fileID: 0}
    - target: {fileID: 8734316443466402688, guid: 0ffa07221ead47e4a96d1f0ff0d2e26c, type: 3}
      propertyPath: _upgradeType
      value: 2
      objectReference: {fileID: 0}
    m_RemovedComponents: []
  m_SourcePrefab: {fileID: 100100000, guid: 0ffa07221ead47e4a96d1f0ff0d2e26c, type: 3}
--- !u!224 &4311750821327685213 stripped
RectTransform:
  m_CorrespondingSourceObject: {fileID: 2239498259339652392, guid: 0ffa07221ead47e4a96d1f0ff0d2e26c, type: 3}
  m_PrefabInstance: {fileID: 2648716133333986165}
  m_PrefabAsset: {fileID: 0}
--- !u!114 &6770220639939518709 stripped
MonoBehaviour:
  m_CorrespondingSourceObject: {fileID: 8734316443466402688, guid: 0ffa07221ead47e4a96d1f0ff0d2e26c, type: 3}
  m_PrefabInstance: {fileID: 2648716133333986165}
  m_PrefabAsset: {fileID: 0}
  m_GameObject: {fileID: 0}
  m_Enabled: 1
  m_EditorHideFlags: 0
  m_Script: {fileID: 11500000, guid: 28191bac43fa46e78e76005cc4cdbf61, type: 3}
  m_Name: 
  m_EditorClassIdentifier: 
--- !u!1001 &7233178333315584824
PrefabInstance:
  m_ObjectHideFlags: 0
  serializedVersion: 2
  m_Modification:
    m_TransformParent: {fileID: 7331948012089069063}
    m_Modifications:
    - target: {fileID: 861793770344160943, guid: 0ffa07221ead47e4a96d1f0ff0d2e26c, type: 3}
      propertyPath: m_fontSize
      value: 43.95
      objectReference: {fileID: 0}
    - target: {fileID: 884425592370286942, guid: 0ffa07221ead47e4a96d1f0ff0d2e26c, type: 3}
      propertyPath: m_fontSize
      value: 41.3
      objectReference: {fileID: 0}
    - target: {fileID: 1527264407920146665, guid: 0ffa07221ead47e4a96d1f0ff0d2e26c, type: 3}
      propertyPath: m_fontSize
      value: 41.05
      objectReference: {fileID: 0}
    - target: {fileID: 1527264407920146665, guid: 0ffa07221ead47e4a96d1f0ff0d2e26c, type: 3}
      propertyPath: m_fontStyle
      value: 0
      objectReference: {fileID: 0}
    - target: {fileID: 2239498259339652392, guid: 0ffa07221ead47e4a96d1f0ff0d2e26c, type: 3}
      propertyPath: m_Pivot.x
      value: 0.5
      objectReference: {fileID: 0}
    - target: {fileID: 2239498259339652392, guid: 0ffa07221ead47e4a96d1f0ff0d2e26c, type: 3}
      propertyPath: m_Pivot.y
      value: 0.5
      objectReference: {fileID: 0}
    - target: {fileID: 2239498259339652392, guid: 0ffa07221ead47e4a96d1f0ff0d2e26c, type: 3}
      propertyPath: m_RootOrder
      value: 0
      objectReference: {fileID: 0}
    - target: {fileID: 2239498259339652392, guid: 0ffa07221ead47e4a96d1f0ff0d2e26c, type: 3}
      propertyPath: m_AnchorMax.x
      value: 0
      objectReference: {fileID: 0}
    - target: {fileID: 2239498259339652392, guid: 0ffa07221ead47e4a96d1f0ff0d2e26c, type: 3}
      propertyPath: m_AnchorMax.y
      value: 0
      objectReference: {fileID: 0}
    - target: {fileID: 2239498259339652392, guid: 0ffa07221ead47e4a96d1f0ff0d2e26c, type: 3}
      propertyPath: m_AnchorMin.x
      value: 0
      objectReference: {fileID: 0}
    - target: {fileID: 2239498259339652392, guid: 0ffa07221ead47e4a96d1f0ff0d2e26c, type: 3}
      propertyPath: m_AnchorMin.y
      value: 0
      objectReference: {fileID: 0}
    - target: {fileID: 2239498259339652392, guid: 0ffa07221ead47e4a96d1f0ff0d2e26c, type: 3}
      propertyPath: m_SizeDelta.x
      value: 0
      objectReference: {fileID: 0}
    - target: {fileID: 2239498259339652392, guid: 0ffa07221ead47e4a96d1f0ff0d2e26c, type: 3}
      propertyPath: m_SizeDelta.y
      value: 260
      objectReference: {fileID: 0}
    - target: {fileID: 2239498259339652392, guid: 0ffa07221ead47e4a96d1f0ff0d2e26c, type: 3}
      propertyPath: m_LocalPosition.x
      value: 0
      objectReference: {fileID: 0}
    - target: {fileID: 2239498259339652392, guid: 0ffa07221ead47e4a96d1f0ff0d2e26c, type: 3}
      propertyPath: m_LocalPosition.y
      value: 0
      objectReference: {fileID: 0}
    - target: {fileID: 2239498259339652392, guid: 0ffa07221ead47e4a96d1f0ff0d2e26c, type: 3}
      propertyPath: m_LocalPosition.z
      value: 0
      objectReference: {fileID: 0}
    - target: {fileID: 2239498259339652392, guid: 0ffa07221ead47e4a96d1f0ff0d2e26c, type: 3}
      propertyPath: m_LocalRotation.w
      value: 1
      objectReference: {fileID: 0}
    - target: {fileID: 2239498259339652392, guid: 0ffa07221ead47e4a96d1f0ff0d2e26c, type: 3}
      propertyPath: m_LocalRotation.x
      value: -0
      objectReference: {fileID: 0}
    - target: {fileID: 2239498259339652392, guid: 0ffa07221ead47e4a96d1f0ff0d2e26c, type: 3}
      propertyPath: m_LocalRotation.y
      value: -0
      objectReference: {fileID: 0}
    - target: {fileID: 2239498259339652392, guid: 0ffa07221ead47e4a96d1f0ff0d2e26c, type: 3}
      propertyPath: m_LocalRotation.z
      value: -0
      objectReference: {fileID: 0}
    - target: {fileID: 2239498259339652392, guid: 0ffa07221ead47e4a96d1f0ff0d2e26c, type: 3}
      propertyPath: m_AnchoredPosition.x
      value: 0
      objectReference: {fileID: 0}
    - target: {fileID: 2239498259339652392, guid: 0ffa07221ead47e4a96d1f0ff0d2e26c, type: 3}
      propertyPath: m_AnchoredPosition.y
      value: 0
      objectReference: {fileID: 0}
    - target: {fileID: 2239498259339652392, guid: 0ffa07221ead47e4a96d1f0ff0d2e26c, type: 3}
      propertyPath: m_LocalEulerAnglesHint.x
      value: 0
      objectReference: {fileID: 0}
    - target: {fileID: 2239498259339652392, guid: 0ffa07221ead47e4a96d1f0ff0d2e26c, type: 3}
      propertyPath: m_LocalEulerAnglesHint.y
      value: 0
      objectReference: {fileID: 0}
    - target: {fileID: 2239498259339652392, guid: 0ffa07221ead47e4a96d1f0ff0d2e26c, type: 3}
      propertyPath: m_LocalEulerAnglesHint.z
      value: 0
      objectReference: {fileID: 0}
    - target: {fileID: 4603582810481672135, guid: 0ffa07221ead47e4a96d1f0ff0d2e26c, type: 3}
      propertyPath: m_Color.b
      value: 1
      objectReference: {fileID: 0}
    - target: {fileID: 4603582810481672135, guid: 0ffa07221ead47e4a96d1f0ff0d2e26c, type: 3}
      propertyPath: m_Color.g
      value: 0.8077365
      objectReference: {fileID: 0}
    - target: {fileID: 4603582810481672135, guid: 0ffa07221ead47e4a96d1f0ff0d2e26c, type: 3}
      propertyPath: m_Color.r
      value: 0.43867922
      objectReference: {fileID: 0}
    - target: {fileID: 6652095653677427893, guid: 0ffa07221ead47e4a96d1f0ff0d2e26c, type: 3}
      propertyPath: m_fontSize
      value: 50.15
      objectReference: {fileID: 0}
    - target: {fileID: 7132499922662833393, guid: 0ffa07221ead47e4a96d1f0ff0d2e26c, type: 3}
      propertyPath: m_AnchoredPosition.x
      value: 1.3343964
      objectReference: {fileID: 0}
    - target: {fileID: 8360657879437525939, guid: 0ffa07221ead47e4a96d1f0ff0d2e26c, type: 3}
      propertyPath: m_fontSize
      value: 48.5
      objectReference: {fileID: 0}
    - target: {fileID: 8462120894267201148, guid: 0ffa07221ead47e4a96d1f0ff0d2e26c, type: 3}
      propertyPath: m_Name
      value: GameUpgradePanel (3)
      objectReference: {fileID: 0}
    m_RemovedComponents: []
  m_SourcePrefab: {fileID: 100100000, guid: 0ffa07221ead47e4a96d1f0ff0d2e26c, type: 3}
--- !u!224 &8896054650161626640 stripped
RectTransform:
  m_CorrespondingSourceObject: {fileID: 2239498259339652392, guid: 0ffa07221ead47e4a96d1f0ff0d2e26c, type: 3}
  m_PrefabInstance: {fileID: 7233178333315584824}
  m_PrefabAsset: {fileID: 0}
--- !u!114 &2114422262860404920 stripped
MonoBehaviour:
  m_CorrespondingSourceObject: {fileID: 8734316443466402688, guid: 0ffa07221ead47e4a96d1f0ff0d2e26c, type: 3}
  m_PrefabInstance: {fileID: 7233178333315584824}
  m_PrefabAsset: {fileID: 0}
  m_GameObject: {fileID: 0}
  m_Enabled: 1
  m_EditorHideFlags: 0
  m_Script: {fileID: 11500000, guid: 28191bac43fa46e78e76005cc4cdbf61, type: 3}
  m_Name: 
  m_EditorClassIdentifier: 
--- !u!1001 &8842826202335922661
PrefabInstance:
  m_ObjectHideFlags: 0
  serializedVersion: 2
  m_Modification:
    m_TransformParent: {fileID: 4958123691113919275}
    m_Modifications:
    - target: {fileID: 2175561831920459113, guid: 6330b573d2919e74cb8091d6c28c2d8a, type: 3}
      propertyPath: m_Pivot.x
      value: 0.5
      objectReference: {fileID: 0}
    - target: {fileID: 2175561831920459113, guid: 6330b573d2919e74cb8091d6c28c2d8a, type: 3}
      propertyPath: m_Pivot.y
      value: 0.5
      objectReference: {fileID: 0}
    - target: {fileID: 2175561831920459113, guid: 6330b573d2919e74cb8091d6c28c2d8a, type: 3}
      propertyPath: m_RootOrder
      value: 0
      objectReference: {fileID: 0}
    - target: {fileID: 2175561831920459113, guid: 6330b573d2919e74cb8091d6c28c2d8a, type: 3}
      propertyPath: m_AnchorMax.x
      value: 1
      objectReference: {fileID: 0}
    - target: {fileID: 2175561831920459113, guid: 6330b573d2919e74cb8091d6c28c2d8a, type: 3}
      propertyPath: m_AnchorMax.y
      value: 1
      objectReference: {fileID: 0}
    - target: {fileID: 2175561831920459113, guid: 6330b573d2919e74cb8091d6c28c2d8a, type: 3}
      propertyPath: m_AnchorMin.x
      value: 1
      objectReference: {fileID: 0}
    - target: {fileID: 2175561831920459113, guid: 6330b573d2919e74cb8091d6c28c2d8a, type: 3}
      propertyPath: m_AnchorMin.y
      value: 1
      objectReference: {fileID: 0}
    - target: {fileID: 2175561831920459113, guid: 6330b573d2919e74cb8091d6c28c2d8a, type: 3}
      propertyPath: m_SizeDelta.x
      value: 328
      objectReference: {fileID: 0}
    - target: {fileID: 2175561831920459113, guid: 6330b573d2919e74cb8091d6c28c2d8a, type: 3}
      propertyPath: m_SizeDelta.y
      value: 135
      objectReference: {fileID: 0}
    - target: {fileID: 2175561831920459113, guid: 6330b573d2919e74cb8091d6c28c2d8a, type: 3}
      propertyPath: m_LocalPosition.x
      value: 0
      objectReference: {fileID: 0}
    - target: {fileID: 2175561831920459113, guid: 6330b573d2919e74cb8091d6c28c2d8a, type: 3}
      propertyPath: m_LocalPosition.y
      value: 0
      objectReference: {fileID: 0}
    - target: {fileID: 2175561831920459113, guid: 6330b573d2919e74cb8091d6c28c2d8a, type: 3}
      propertyPath: m_LocalPosition.z
      value: 0
      objectReference: {fileID: 0}
    - target: {fileID: 2175561831920459113, guid: 6330b573d2919e74cb8091d6c28c2d8a, type: 3}
      propertyPath: m_LocalRotation.w
      value: 1
      objectReference: {fileID: 0}
    - target: {fileID: 2175561831920459113, guid: 6330b573d2919e74cb8091d6c28c2d8a, type: 3}
      propertyPath: m_LocalRotation.x
      value: -0
      objectReference: {fileID: 0}
    - target: {fileID: 2175561831920459113, guid: 6330b573d2919e74cb8091d6c28c2d8a, type: 3}
      propertyPath: m_LocalRotation.y
      value: -0
      objectReference: {fileID: 0}
    - target: {fileID: 2175561831920459113, guid: 6330b573d2919e74cb8091d6c28c2d8a, type: 3}
      propertyPath: m_LocalRotation.z
      value: -0
      objectReference: {fileID: 0}
    - target: {fileID: 2175561831920459113, guid: 6330b573d2919e74cb8091d6c28c2d8a, type: 3}
      propertyPath: m_AnchoredPosition.x
      value: -181
      objectReference: {fileID: 0}
    - target: {fileID: 2175561831920459113, guid: 6330b573d2919e74cb8091d6c28c2d8a, type: 3}
      propertyPath: m_AnchoredPosition.y
      value: -95.5
      objectReference: {fileID: 0}
    - target: {fileID: 2175561831920459113, guid: 6330b573d2919e74cb8091d6c28c2d8a, type: 3}
      propertyPath: m_LocalEulerAnglesHint.x
      value: 0
      objectReference: {fileID: 0}
    - target: {fileID: 2175561831920459113, guid: 6330b573d2919e74cb8091d6c28c2d8a, type: 3}
      propertyPath: m_LocalEulerAnglesHint.y
      value: 0
      objectReference: {fileID: 0}
    - target: {fileID: 2175561831920459113, guid: 6330b573d2919e74cb8091d6c28c2d8a, type: 3}
      propertyPath: m_LocalEulerAnglesHint.z
      value: 0
      objectReference: {fileID: 0}
    - target: {fileID: 2878760123038398637, guid: 6330b573d2919e74cb8091d6c28c2d8a, type: 3}
      propertyPath: m_Name
      value: Coin_Panel
      objectReference: {fileID: 0}
    m_RemovedComponents: []
  m_SourcePrefab: {fileID: 100100000, guid: 6330b573d2919e74cb8091d6c28c2d8a, type: 3}
--- !u!224 &7244359279002227852 stripped
RectTransform:
  m_CorrespondingSourceObject: {fileID: 2175561831920459113, guid: 6330b573d2919e74cb8091d6c28c2d8a, type: 3}
  m_PrefabInstance: {fileID: 8842826202335922661}
  m_PrefabAsset: {fileID: 0}
