%YAML 1.1
%TAG !u! tag:unity3d.com,2011:
--- !u!1 &399048162552494885
GameObject:
  m_ObjectHideFlags: 0
  m_CorrespondingSourceObject: {fileID: 0}
  m_PrefabInstance: {fileID: 0}
  m_PrefabAsset: {fileID: 0}
  serializedVersion: 6
  m_Component:
  - component: {fileID: 823230405108064714}
  m_Layer: 0
  m_Name: AndroidHead
  m_TagString: Untagged
  m_Icon: {fileID: 0}
  m_NavMeshLayer: 0
  m_StaticEditorFlags: 0
  m_IsActive: 1
--- !u!4 &823230405108064714
Transform:
  m_ObjectHideFlags: 0
  m_CorrespondingSourceObject: {fileID: 0}
  m_PrefabInstance: {fileID: 0}
  m_PrefabAsset: {fileID: 0}
  m_GameObject: {fileID: 399048162552494885}
  m_LocalRotation: {x: -0.0000004331735, y: 0.000008777773, z: -0.000005439919, w: 1}
  m_LocalPosition: {x: -0.37503296, y: 0.00000036239624, z: -0.00000018596648}
  m_LocalScale: {x: 1.0000001, y: 1.0000001, z: 1}
  m_Children: []
  m_Father: {fileID: 1183542161858671998}
  m_RootOrder: 0
  m_LocalEulerAnglesHint: {x: 0, y: 0, z: 0}
--- !u!1 &1329265211563049875
GameObject:
  m_ObjectHideFlags: 0
  m_CorrespondingSourceObject: {fileID: 0}
  m_PrefabInstance: {fileID: 0}
  m_PrefabAsset: {fileID: 0}
  serializedVersion: 6
  m_Component:
  - component: {fileID: 1012831670369673546}
  m_Layer: 0
  m_Name: AndroidLL_Upperarm
  m_TagString: Untagged
  m_Icon: {fileID: 0}
  m_NavMeshLayer: 0
  m_StaticEditorFlags: 0
  m_IsActive: 1
--- !u!4 &1012831670369673546
Transform:
  m_ObjectHideFlags: 0
  m_CorrespondingSourceObject: {fileID: 0}
  m_PrefabInstance: {fileID: 0}
  m_PrefabAsset: {fileID: 0}
  m_GameObject: {fileID: 1329265211563049875}
  m_LocalRotation: {x: 0.12661237, y: 0.6742762, z: -0.027062373, w: 0.727041}
  m_LocalPosition: {x: -3.1719573, y: 0.0000012207031, z: -0.00000061035155}
  m_LocalScale: {x: 1.0000007, y: 0.9999998, z: 0.99999917}
  m_Children: []
  m_Father: {fileID: 7672989584627001761}
  m_RootOrder: 0
  m_LocalEulerAnglesHint: {x: 0, y: 0, z: 0}
--- !u!1 &1776374957971595542
GameObject:
  m_ObjectHideFlags: 0
  m_CorrespondingSourceObject: {fileID: 0}
  m_PrefabInstance: {fileID: 0}
  m_PrefabAsset: {fileID: 0}
  serializedVersion: 6
  m_Component:
  - component: {fileID: 4369457556747683693}
  m_Layer: 0
  m_Name: AndroidRR_Thigh
  m_TagString: Untagged
  m_Icon: {fileID: 0}
  m_NavMeshLayer: 0
  m_StaticEditorFlags: 0
  m_IsActive: 1
--- !u!4 &4369457556747683693
Transform:
  m_ObjectHideFlags: 0
  m_CorrespondingSourceObject: {fileID: 0}
  m_PrefabInstance: {fileID: 0}
  m_PrefabAsset: {fileID: 0}
  m_GameObject: {fileID: 1776374957971595542}
  m_LocalRotation: {x: 0.0004328193, y: 0.9998951, z: -0.013272965, w: -0.0057852827}
  m_LocalPosition: {x: -0.09222244, y: 0.38572645, z: -0.96033835}
  m_LocalScale: {x: 0.9999999, y: 1.0000006, z: 1}
  m_Children: []
  m_Father: {fileID: 8849486954558777391}
  m_RootOrder: 1
  m_LocalEulerAnglesHint: {x: 0, y: 0, z: 0}
--- !u!1 &2150546616286268690
GameObject:
  m_ObjectHideFlags: 0
  m_CorrespondingSourceObject: {fileID: 0}
  m_PrefabInstance: {fileID: 0}
  m_PrefabAsset: {fileID: 0}
  serializedVersion: 6
  m_Component:
  - component: {fileID: 7672989584627001761}
  m_Layer: 0
  m_Name: L_AndroidLCollarbone
  m_TagString: Untagged
  m_Icon: {fileID: 0}
  m_NavMeshLayer: 0
  m_StaticEditorFlags: 0
  m_IsActive: 1
--- !u!4 &7672989584627001761
Transform:
  m_ObjectHideFlags: 0
  m_CorrespondingSourceObject: {fileID: 0}
  m_PrefabInstance: {fileID: 0}
  m_PrefabAsset: {fileID: 0}
  m_GameObject: {fileID: 2150546616286268690}
  m_LocalRotation: {x: 0.014831756, y: 0.72750914, z: 0.11141975, w: 0.67682797}
  m_LocalPosition: {x: 0.09344299, y: 0.5464209, z: 0.16211367}
  m_LocalScale: {x: 1.0000004, y: 1, z: 0.9999997}
  m_Children:
  - {fileID: 1012831670369673546}
  m_Father: {fileID: 3870183064184681624}
  m_RootOrder: 1
  m_LocalEulerAnglesHint: {x: 0, y: 0, z: 0}
--- !u!1 &2241111789958608560
GameObject:
  m_ObjectHideFlags: 0
  m_CorrespondingSourceObject: {fileID: 0}
  m_PrefabInstance: {fileID: 0}
  m_PrefabAsset: {fileID: 0}
  serializedVersion: 6
  m_Component:
  - component: {fileID: 8519657737153888184}
  m_Layer: 0
  m_Name: AndroidRR_Upperarm
  m_TagString: Untagged
  m_Icon: {fileID: 0}
  m_NavMeshLayer: 0
  m_StaticEditorFlags: 0
  m_IsActive: 1
--- !u!4 &8519657737153888184
Transform:
  m_ObjectHideFlags: 0
  m_CorrespondingSourceObject: {fileID: 0}
  m_PrefabInstance: {fileID: 0}
  m_PrefabAsset: {fileID: 0}
  m_GameObject: {fileID: 2241111789958608560}
  m_LocalRotation: {x: -0.12658836, y: -0.67426616, z: -0.027080834, w: 0.72705376}
  m_LocalPosition: {x: -3.1719658, y: 0.00000030517577, z: 0.0000030517576}
  m_LocalScale: {x: 0.99999917, y: 1.0000001, z: 1.0000008}
  m_Children: []
  m_Father: {fileID: 6151811899711756145}
  m_RootOrder: 0
  m_LocalEulerAnglesHint: {x: 0, y: 0, z: 0}
--- !u!1 &2916959165588864557
GameObject:
  m_ObjectHideFlags: 0
  m_CorrespondingSourceObject: {fileID: 0}
  m_PrefabInstance: {fileID: 0}
  m_PrefabAsset: {fileID: 0}
  serializedVersion: 6
  m_Component:
  - component: {fileID: 3131987986837025894}
  m_Layer: 0
  m_Name: AndroidSpine4
  m_TagString: Untagged
  m_Icon: {fileID: 0}
  m_NavMeshLayer: 0
  m_StaticEditorFlags: 0
  m_IsActive: 1
--- !u!4 &3131987986837025894
Transform:
  m_ObjectHideFlags: 0
  m_CorrespondingSourceObject: {fileID: 0}
  m_PrefabInstance: {fileID: 0}
  m_PrefabAsset: {fileID: 0}
  m_GameObject: {fileID: 2916959165588864557}
  m_LocalRotation: {x: 0.0000028697016, y: -0.0000019452825, z: -0.060236022, w: 0.9981842}
  m_LocalPosition: {x: -0.9424191, y: 0.00000022888183, z: 0.00000041484833}
  m_LocalScale: {x: 0.99999994, y: 0.99999994, z: 0.9999998}
  m_Children:
  - {fileID: 3870183064184681624}
  m_Father: {fileID: 6494480471386419398}
  m_RootOrder: 0
  m_LocalEulerAnglesHint: {x: 0, y: 0, z: 0}
--- !u!1 &3008431620097908418
GameObject:
  m_ObjectHideFlags: 0
  m_CorrespondingSourceObject: {fileID: 0}
  m_PrefabInstance: {fileID: 0}
  m_PrefabAsset: {fileID: 0}
  serializedVersion: 6
  m_Component:
  - component: {fileID: 4924317659302677054}
  m_Layer: 0
  m_Name: AndroidNeck1
  m_TagString: Untagged
  m_Icon: {fileID: 0}
  m_NavMeshLayer: 0
  m_StaticEditorFlags: 0
  m_IsActive: 1
--- !u!4 &4924317659302677054
Transform:
  m_ObjectHideFlags: 0
  m_CorrespondingSourceObject: {fileID: 0}
  m_PrefabInstance: {fileID: 0}
  m_PrefabAsset: {fileID: 0}
  m_GameObject: {fileID: 3008431620097908418}
  m_LocalRotation: {x: -0.000010803958, y: -0.00007064745, z: -0.000005319943, w: 1}
  m_LocalPosition: {x: -0.0042755124, y: -0.018825036, z: -0.0000000333786}
  m_LocalScale: {x: 1.0000001, y: 1.0000001, z: 1}
  m_Children:
  - {fileID: 1183542161858671998}
  m_Father: {fileID: 3870183064184681624}
  m_RootOrder: 0
  m_LocalEulerAnglesHint: {x: 0, y: 0, z: 0}
--- !u!1 &3018562386636463188
GameObject:
  m_ObjectHideFlags: 0
  m_CorrespondingSourceObject: {fileID: 0}
  m_PrefabInstance: {fileID: 0}
  m_PrefabAsset: {fileID: 0}
  serializedVersion: 6
  m_Component:
  - component: {fileID: 6494480471386419398}
  m_Layer: 0
  m_Name: AndroidSpine3
  m_TagString: Untagged
  m_Icon: {fileID: 0}
  m_NavMeshLayer: 0
  m_StaticEditorFlags: 0
  m_IsActive: 1
--- !u!4 &6494480471386419398
Transform:
  m_ObjectHideFlags: 0
  m_CorrespondingSourceObject: {fileID: 0}
  m_PrefabInstance: {fileID: 0}
  m_PrefabAsset: {fileID: 0}
  m_GameObject: {fileID: 3018562386636463188}
  m_LocalRotation: {x: -0.000006305625, y: 0.0000022023753, z: 0.074033864, w: 0.99725574}
  m_LocalPosition: {x: -0.87697476, y: 0.0000004196167, z: 0.000000009536743}
  m_LocalScale: {x: 1.0000005, y: 1.0000006, z: 1.0000001}
  m_Children:
  - {fileID: 3131987986837025894}
  m_Father: {fileID: 2311085397418077929}
  m_RootOrder: 0
  m_LocalEulerAnglesHint: {x: 0, y: 0, z: 0}
--- !u!1 &3293693912838523133
GameObject:
  m_ObjectHideFlags: 0
  m_CorrespondingSourceObject: {fileID: 0}
  m_PrefabInstance: {fileID: 0}
  m_PrefabAsset: {fileID: 0}
  serializedVersion: 6
  m_Component:
  - component: {fileID: 9057131034456802653}
  m_Layer: 0
  m_Name: AndroidLL_Thigh
  m_TagString: Untagged
  m_Icon: {fileID: 0}
  m_NavMeshLayer: 0
  m_StaticEditorFlags: 0
  m_IsActive: 1
--- !u!4 &9057131034456802653
Transform:
  m_ObjectHideFlags: 0
  m_CorrespondingSourceObject: {fileID: 0}
  m_PrefabInstance: {fileID: 0}
  m_PrefabAsset: {fileID: 0}
  m_GameObject: {fileID: 3293693912838523133}
  m_LocalRotation: {x: -0.00034449212, y: 0.99990886, z: 0.012382461, w: -0.0053765154}
  m_LocalPosition: {x: -0.09222092, y: 0.3857259, z: 0.9603385}
  m_LocalScale: {x: 0.99999964, y: 1.0000004, z: 1.0000002}
  m_Children: []
  m_Father: {fileID: 8849486954558777391}
  m_RootOrder: 0
  m_LocalEulerAnglesHint: {x: 0, y: 0, z: 0}
--- !u!1 &3340091522022493908
GameObject:
  m_ObjectHideFlags: 0
  m_CorrespondingSourceObject: {fileID: 0}
  m_PrefabInstance: {fileID: 0}
  m_PrefabAsset: {fileID: 0}
  serializedVersion: 6
  m_Component:
  - component: {fileID: 2671113031773164654}
  - component: {fileID: 4498944091074668143}
  m_Layer: 0
  m_Name: View
  m_TagString: Untagged
  m_Icon: {fileID: 0}
  m_NavMeshLayer: 0
  m_StaticEditorFlags: 0
  m_IsActive: 1
--- !u!4 &2671113031773164654
Transform:
  m_ObjectHideFlags: 0
  m_CorrespondingSourceObject: {fileID: 0}
  m_PrefabInstance: {fileID: 0}
  m_PrefabAsset: {fileID: 0}
  m_GameObject: {fileID: 3340091522022493908}
  m_LocalRotation: {x: 0, y: 0, z: 0, w: 1}
  m_LocalPosition: {x: 0, y: 0, z: 0}
  m_LocalScale: {x: 1.4, y: 1.4, z: 1.4}
  m_Children:
  - {fileID: 7816047762058324801}
  - {fileID: 8849486954558777391}
  - {fileID: 3408576970009568762}
  - {fileID: 5375318626414777276}
  m_Father: {fileID: 7272969855889347297}
  m_RootOrder: 0
  m_LocalEulerAnglesHint: {x: 0, y: 0, z: 0}
--- !u!95 &4498944091074668143
Animator:
  serializedVersion: 3
  m_ObjectHideFlags: 0
  m_CorrespondingSourceObject: {fileID: 0}
  m_PrefabInstance: {fileID: 0}
  m_PrefabAsset: {fileID: 0}
  m_GameObject: {fileID: 3340091522022493908}
  m_Enabled: 1
  m_Avatar: {fileID: 0}
  m_Controller: {fileID: 9100000, guid: f0c452b9a6ccada459db034f2a214bc5, type: 2}
  m_CullingMode: 0
  m_UpdateMode: 0
  m_ApplyRootMotion: 0
  m_LinearVelocityBlending: 0
  m_WarningMessage: 
  m_HasTransformHierarchy: 1
  m_AllowConstantClipSamplingOptimization: 1
  m_KeepAnimatorControllerStateOnDisable: 0
--- !u!1 &3498557581733967619
GameObject:
  m_ObjectHideFlags: 0
  m_CorrespondingSourceObject: {fileID: 0}
  m_PrefabInstance: {fileID: 0}
  m_PrefabAsset: {fileID: 0}
  serializedVersion: 6
  m_Component:
  - component: {fileID: 1183542161858671998}
  m_Layer: 0
  m_Name: AndroidNeck2
  m_TagString: Untagged
  m_Icon: {fileID: 0}
  m_NavMeshLayer: 0
  m_StaticEditorFlags: 0
  m_IsActive: 1
--- !u!4 &1183542161858671998
Transform:
  m_ObjectHideFlags: 0
  m_CorrespondingSourceObject: {fileID: 0}
  m_PrefabInstance: {fileID: 0}
  m_PrefabAsset: {fileID: 0}
  m_GameObject: {fileID: 3498557581733967619}
  m_LocalRotation: {x: -0.0000010652343, y: -0.000003328961, z: 0.000009054744, w: 1}
  m_LocalPosition: {x: -0.3750311, y: 0.00000028610228, z: -0.000000104904174}
  m_LocalScale: {x: 1.0000001, y: 1.0000001, z: 1}
  m_Children:
  - {fileID: 823230405108064714}
  m_Father: {fileID: 4924317659302677054}
  m_RootOrder: 0
  m_LocalEulerAnglesHint: {x: 0, y: 0, z: 0}
--- !u!1 &3911580291953839440
GameObject:
  m_ObjectHideFlags: 0
  m_CorrespondingSourceObject: {fileID: 0}
  m_PrefabInstance: {fileID: 0}
  m_PrefabAsset: {fileID: 0}
  serializedVersion: 6
  m_Component:
  - component: {fileID: 3870183064184681624}
  m_Layer: 0
  m_Name: AndroidRibcage
  m_TagString: Untagged
  m_Icon: {fileID: 0}
  m_NavMeshLayer: 0
  m_StaticEditorFlags: 0
  m_IsActive: 1
--- !u!4 &3870183064184681624
Transform:
  m_ObjectHideFlags: 0
  m_CorrespondingSourceObject: {fileID: 0}
  m_PrefabInstance: {fileID: 0}
  m_PrefabAsset: {fileID: 0}
  m_GameObject: {fileID: 3911580291953839440}
  m_LocalRotation: {x: 0.000002020283, y: 0.00006963527, z: 0.037936278, w: 0.99928015}
  m_LocalPosition: {x: -1.2699417, y: 0.00000087738033, z: -0.00000039100647}
  m_LocalScale: {x: 0.999999, y: 0.9999988, z: 0.9999999}
  m_Children:
  - {fileID: 4924317659302677054}
  - {fileID: 7672989584627001761}
  - {fileID: 6151811899711756145}
  m_Father: {fileID: 3131987986837025894}
  m_RootOrder: 0
  m_LocalEulerAnglesHint: {x: 0, y: 0, z: 0}
--- !u!1 &5396895802682104705
GameObject:
  m_ObjectHideFlags: 0
  m_CorrespondingSourceObject: {fileID: 0}
  m_PrefabInstance: {fileID: 0}
  m_PrefabAsset: {fileID: 0}
  serializedVersion: 6
  m_Component:
  - component: {fileID: 3408576970009568762}
  m_Layer: 0
  m_Name: AndroidRPlatform
  m_TagString: Untagged
  m_Icon: {fileID: 0}
  m_NavMeshLayer: 0
  m_StaticEditorFlags: 0
  m_IsActive: 1
--- !u!4 &3408576970009568762
Transform:
  m_ObjectHideFlags: 0
  m_CorrespondingSourceObject: {fileID: 0}
  m_PrefabInstance: {fileID: 0}
  m_PrefabAsset: {fileID: 0}
  m_GameObject: {fileID: 5396895802682104705}
  m_LocalRotation: {x: 0.49895847, y: -0.5010464, z: -0.49895144, w: 0.5010393}
  m_LocalPosition: {x: 0.14547406, y: 0.006033783, z: 0.004250641}
  m_LocalScale: {x: 0.1624768, y: 0.1624768, z: 0.16247678}
  m_Children: []
  m_Father: {fileID: 2671113031773164654}
  m_RootOrder: 2
  m_LocalEulerAnglesHint: {x: 0, y: 0, z: 0}
--- !u!1 &5888296341523944620
GameObject:
  m_ObjectHideFlags: 0
  m_CorrespondingSourceObject: {fileID: 0}
  m_PrefabInstance: {fileID: 0}
  m_PrefabAsset: {fileID: 0}
  serializedVersion: 6
  m_Component:
  - component: {fileID: 6151811899711756145}
  m_Layer: 0
  m_Name: R_AndroidRCollarbone
  m_TagString: Untagged
  m_Icon: {fileID: 0}
  m_NavMeshLayer: 0
  m_StaticEditorFlags: 0
  m_IsActive: 1
--- !u!4 &6151811899711756145
Transform:
  m_ObjectHideFlags: 0
  m_CorrespondingSourceObject: {fileID: 0}
  m_PrefabInstance: {fileID: 0}
  m_PrefabAsset: {fileID: 0}
  m_GameObject: {fileID: 5888296341523944620}
  m_LocalRotation: {x: -0.014881638, y: -0.7276079, z: 0.11141871, w: 0.67672086}
  m_LocalPosition: {x: 0.09345215, y: 0.5464213, z: -0.1621087}
  m_LocalScale: {x: 0.9999997, y: 1.0000001, z: 1.0000006}
  m_Children:
  - {fileID: 8519657737153888184}
  m_Father: {fileID: 3870183064184681624}
  m_RootOrder: 2
  m_LocalEulerAnglesHint: {x: 0, y: 0, z: 0}
--- !u!1 &5944741175521092048
GameObject:
  m_ObjectHideFlags: 0
  m_CorrespondingSourceObject: {fileID: 0}
  m_PrefabInstance: {fileID: 0}
  m_PrefabAsset: {fileID: 0}
  serializedVersion: 6
  m_Component:
  - component: {fileID: 2311085397418077929}
  m_Layer: 0
  m_Name: AndroidSpine2
  m_TagString: Untagged
  m_Icon: {fileID: 0}
  m_NavMeshLayer: 0
  m_StaticEditorFlags: 0
  m_IsActive: 1
--- !u!4 &2311085397418077929
Transform:
  m_ObjectHideFlags: 0
  m_CorrespondingSourceObject: {fileID: 0}
  m_PrefabInstance: {fileID: 0}
  m_PrefabAsset: {fileID: 0}
  m_GameObject: {fileID: 5944741175521092048}
  m_LocalRotation: {x: 0.000011308075, y: 0.000008676984, z: 0.13608713, w: 0.9906969}
  m_LocalPosition: {x: -1.0294731, y: 0.0000007629394, z: -0.000000038146972}
  m_LocalScale: {x: 1.0000004, y: 1.0000005, z: 1.0000001}
  m_Children:
  - {fileID: 6494480471386419398}
  m_Father: {fileID: 1441402174225157652}
  m_RootOrder: 0
  m_LocalEulerAnglesHint: {x: 0, y: 0, z: 0}
--- !u!1 &6014436797560574403
GameObject:
  m_ObjectHideFlags: 0
  m_CorrespondingSourceObject: {fileID: 0}
  m_PrefabInstance: {fileID: 0}
  m_PrefabAsset: {fileID: 0}
  serializedVersion: 6
  m_Component:
  - component: {fileID: 5375318626414777276}
  - component: {fileID: 5715467787283557026}
  m_Layer: 0
  m_Name: Cylinder002
  m_TagString: Untagged
  m_Icon: {fileID: 0}
  m_NavMeshLayer: 0
  m_StaticEditorFlags: 0
  m_IsActive: 1
--- !u!4 &5375318626414777276
Transform:
  m_ObjectHideFlags: 0
  m_CorrespondingSourceObject: {fileID: 0}
  m_PrefabInstance: {fileID: 0}
  m_PrefabAsset: {fileID: 0}
  m_GameObject: {fileID: 6014436797560574403}
  m_LocalRotation: {x: -0.7071067, y: 0.00000006181723, z: 2.9929223e-15, w: 0.7071069}
  m_LocalPosition: {x: -0, y: 0, z: 2.0547063}
  m_LocalScale: {x: 1, y: 1, z: 1}
  m_Children: []
  m_Father: {fileID: 2671113031773164654}
  m_RootOrder: 3
  m_LocalEulerAnglesHint: {x: 0, y: 0, z: 0}
--- !u!137 &5715467787283557026
SkinnedMeshRenderer:
  m_ObjectHideFlags: 0
  m_CorrespondingSourceObject: {fileID: 0}
  m_PrefabInstance: {fileID: 0}
  m_PrefabAsset: {fileID: 0}
  m_GameObject: {fileID: 6014436797560574403}
  m_Enabled: 1
  m_CastShadows: 1
  m_ReceiveShadows: 1
  m_DynamicOccludee: 1
  m_MotionVectors: 1
  m_LightProbeUsage: 1
  m_ReflectionProbeUsage: 1
  m_RayTracingMode: 3
  m_RayTraceProcedural: 0
  m_RenderingLayerMask: 1
  m_RendererPriority: 0
  m_Materials:
  - {fileID: 2100000, guid: d45b5f4585e3650469601e913751015e, type: 2}
  m_StaticBatchInfo:
    firstSubMesh: 0
    subMeshCount: 0
  m_StaticBatchRoot: {fileID: 0}
  m_ProbeAnchor: {fileID: 0}
  m_LightProbeVolumeOverride: {fileID: 0}
  m_ScaleInLightmap: 1
  m_ReceiveGI: 1
  m_PreserveUVs: 0
  m_IgnoreNormalsForChartDetection: 0
  m_ImportantGI: 0
  m_StitchLightmapSeams: 1
  m_SelectedEditorRenderState: 3
  m_MinimumChartSize: 4
  m_AutoUVMaxDistance: 0.5
  m_AutoUVMaxAngle: 89
  m_LightmapParameters: {fileID: 0}
  m_SortingLayerID: 0
  m_SortingLayer: 0
  m_SortingOrder: 0
  serializedVersion: 2
  m_Quality: 0
  m_UpdateWhenOffscreen: 0
  m_SkinnedMotionVectors: 1
  m_Mesh: {fileID: -2128599272216676504, guid: c3d89569747a3d04faa444d71ae9b4e3, type: 3}
  m_Bones:
  - {fileID: 4924317659302677054}
  - {fileID: 3131987986837025894}
  - {fileID: 6151811899711756145}
  - {fileID: 1441402174225157652}
  - {fileID: 8849486954558777391}
  - {fileID: 4369457556747683693}
  - {fileID: 823230405108064714}
  - {fileID: 1183542161858671998}
  - {fileID: 8519657737153888184}
  - {fileID: 2311085397418077929}
  - {fileID: 3870183064184681624}
  - {fileID: 7672989584627001761}
  - {fileID: 1012831670369673546}
  - {fileID: 9057131034456802653}
  - {fileID: 6494480471386419398}
  m_BlendShapeWeights: []
  m_RootBone: {fileID: 8849486954558777391}
  m_AABB:
    m_Center: {x: -3.073937, y: 0.31281412, z: -0.0013444424}
    m_Extent: {x: 4.9358706, y: 2.7621727, z: 3.8864186}
  m_DirtyAABB: 0
--- !u!1 &7245998294642585204
GameObject:
  m_ObjectHideFlags: 0
  m_CorrespondingSourceObject: {fileID: 0}
  m_PrefabInstance: {fileID: 0}
  m_PrefabAsset: {fileID: 0}
  serializedVersion: 6
  m_Component:
  - component: {fileID: 7816047762058324801}
  m_Layer: 0
  m_Name: AndroidLPlatform
  m_TagString: Untagged
  m_Icon: {fileID: 0}
  m_NavMeshLayer: 0
  m_StaticEditorFlags: 0
  m_IsActive: 1
--- !u!4 &7816047762058324801
Transform:
  m_ObjectHideFlags: 0
  m_CorrespondingSourceObject: {fileID: 0}
  m_PrefabInstance: {fileID: 0}
  m_PrefabAsset: {fileID: 0}
  m_GameObject: {fileID: 7245998294642585204}
  m_LocalRotation: {x: 0.49895835, y: -0.5010465, z: -0.4989514, w: 0.5010394}
  m_LocalPosition: {x: -0.16770229, y: 0.006033783, z: 0.004250641}
  m_LocalScale: {x: 0.1624768, y: 0.1624768, z: 0.16247678}
  m_Children: []
  m_Father: {fileID: 2671113031773164654}
  m_RootOrder: 0
  m_LocalEulerAnglesHint: {x: 0, y: 0, z: 0}
--- !u!1 &8078189503502839339
GameObject:
  m_ObjectHideFlags: 0
  m_CorrespondingSourceObject: {fileID: 0}
  m_PrefabInstance: {fileID: 0}
  m_PrefabAsset: {fileID: 0}
  serializedVersion: 6
  m_Component:
  - component: {fileID: 7272969855889347297}
  - component: {fileID: 480774275519969755}
  - component: {fileID: 3277454691740077917}
  - component: {fileID: 3373477306304280614}
  - component: {fileID: 7030250846134170928}
  - component: {fileID: 5162119622833349830}
  - component: {fileID: -4651837152049027104}
  - component: {fileID: 6223479718935709945}
  - component: {fileID: 3733212277923254607}
  - component: {fileID: 1392147149493514203}
  - component: {fileID: 6595737701732946735}
  - component: {fileID: 7904731521731418570}
  - component: {fileID: 7075826293553022160}
  - component: {fileID: 283141079662427458}
  m_Layer: 6
  m_Name: CrowdUnit
  m_TagString: Untagged
  m_Icon: {fileID: 0}
  m_NavMeshLayer: 0
  m_StaticEditorFlags: 0
  m_IsActive: 1
--- !u!4 &7272969855889347297
Transform:
  m_ObjectHideFlags: 0
  m_CorrespondingSourceObject: {fileID: 0}
  m_PrefabInstance: {fileID: 0}
  m_PrefabAsset: {fileID: 0}
  m_GameObject: {fileID: 8078189503502839339}
  m_LocalRotation: {x: -0, y: -0, z: -0, w: 1}
  m_LocalPosition: {x: 0, y: 0, z: 0}
  m_LocalScale: {x: 1, y: 1, z: 1}
  m_Children:
  - {fileID: 2671113031773164654}
  - {fileID: 2066334161847106801}
  - {fileID: 6879926468491270082}
  m_Father: {fileID: 0}
  m_RootOrder: 0
  m_LocalEulerAnglesHint: {x: 0, y: 0, z: 0}
--- !u!114 &480774275519969755
MonoBehaviour:
  m_ObjectHideFlags: 0
  m_CorrespondingSourceObject: {fileID: 0}
  m_PrefabInstance: {fileID: 0}
  m_PrefabAsset: {fileID: 0}
  m_GameObject: {fileID: 8078189503502839339}
  m_Enabled: 1
  m_EditorHideFlags: 0
  m_Script: {fileID: 11500000, guid: 09c8d9712939be644ad56ae406363695, type: 3}
  m_Name: 
  m_EditorClassIdentifier: 
  _entityView: {fileID: 3277454691740077917}
--- !u!114 &3277454691740077917
MonoBehaviour:
  m_ObjectHideFlags: 0
  m_CorrespondingSourceObject: {fileID: 0}
  m_PrefabInstance: {fileID: 0}
  m_PrefabAsset: {fileID: 0}
  m_GameObject: {fileID: 8078189503502839339}
  m_Enabled: 1
  m_EditorHideFlags: 0
  m_Script: {fileID: 11500000, guid: 674bd3b46ecee964ca3300c364aa4df4, type: 3}
  m_Name: 
  m_EditorClassIdentifier: 
  _componentLookupType: 1
--- !u!114 &3373477306304280614
MonoBehaviour:
  m_ObjectHideFlags: 0
  m_CorrespondingSourceObject: {fileID: 0}
  m_PrefabInstance: {fileID: 0}
  m_PrefabAsset: {fileID: 0}
  m_GameObject: {fileID: 8078189503502839339}
  m_Enabled: 1
  m_EditorHideFlags: 0
  m_Script: {fileID: 11500000, guid: dccb89d9788943049131bbab82932c22, type: 3}
  m_Name: 
  m_EditorClassIdentifier: 
  entityEntityView: {fileID: 3277454691740077917}
--- !u!114 &7030250846134170928
MonoBehaviour:
  m_ObjectHideFlags: 0
  m_CorrespondingSourceObject: {fileID: 0}
  m_PrefabInstance: {fileID: 0}
  m_PrefabAsset: {fileID: 0}
  m_GameObject: {fileID: 8078189503502839339}
  m_Enabled: 1
  m_EditorHideFlags: 0
  m_Script: {fileID: 11500000, guid: 40d7b1c9718cffb4086fd6d4a893222c, type: 3}
  m_Name: 
  m_EditorClassIdentifier: 
  _transform: {fileID: 7272969855889347297}
--- !u!136 &5162119622833349830
CapsuleCollider:
  m_ObjectHideFlags: 0
  m_CorrespondingSourceObject: {fileID: 0}
  m_PrefabInstance: {fileID: 0}
  m_PrefabAsset: {fileID: 0}
  m_GameObject: {fileID: 8078189503502839339}
  m_Material: {fileID: 0}
  m_IsTrigger: 0
  m_Enabled: 1
  m_Radius: 0.5
  m_Height: 2
  m_Direction: 1
  m_Center: {x: 0, y: 1, z: 0}
--- !u!114 &-4651837152049027104
MonoBehaviour:
  m_ObjectHideFlags: 0
  m_CorrespondingSourceObject: {fileID: 0}
  m_PrefabInstance: {fileID: 0}
  m_PrefabAsset: {fileID: 0}
  m_GameObject: {fileID: 8078189503502839339}
  m_Enabled: 1
  m_EditorHideFlags: 0
  m_Script: {fileID: 11500000, guid: 57345338176b47a439c7584932f6196e, type: 3}
  m_Name: 
  m_EditorClassIdentifier: 
--- !u!114 &6223479718935709945
MonoBehaviour:
  m_ObjectHideFlags: 0
  m_CorrespondingSourceObject: {fileID: 0}
  m_PrefabInstance: {fileID: 0}
  m_PrefabAsset: {fileID: 0}
  m_GameObject: {fileID: 8078189503502839339}
  m_Enabled: 1
  m_EditorHideFlags: 0
  m_Script: {fileID: 11500000, guid: 6888e13f73a048b41b22b671031e36b7, type: 3}
  m_Name: 
  m_EditorClassIdentifier: 
  _rigidbody: {fileID: 3733212277923254607}
--- !u!54 &3733212277923254607
Rigidbody:
  m_ObjectHideFlags: 0
  m_CorrespondingSourceObject: {fileID: 0}
  m_PrefabInstance: {fileID: 0}
  m_PrefabAsset: {fileID: 0}
  m_GameObject: {fileID: 8078189503502839339}
  serializedVersion: 2
  m_Mass: 1
  m_Drag: 0
  m_AngularDrag: 0.05
  m_UseGravity: 1
  m_IsKinematic: 0
  m_Interpolate: 0
  m_Constraints: 116
  m_CollisionDetection: 0
--- !u!114 &1392147149493514203
MonoBehaviour:
  m_ObjectHideFlags: 0
  m_CorrespondingSourceObject: {fileID: 0}
  m_PrefabInstance: {fileID: 0}
  m_PrefabAsset: {fileID: 0}
  m_GameObject: {fileID: 8078189503502839339}
  m_Enabled: 1
  m_EditorHideFlags: 0
  m_Script: {fileID: 11500000, guid: 563c5ce2994844a3876c2294e98580b2, type: 3}
  m_Name: 
  m_EditorClassIdentifier: 
  _basePooledObject: {fileID: 3373477306304280614}
--- !u!114 &6595737701732946735
MonoBehaviour:
  m_ObjectHideFlags: 0
  m_CorrespondingSourceObject: {fileID: 0}
  m_PrefabInstance: {fileID: 0}
  m_PrefabAsset: {fileID: 0}
  m_GameObject: {fileID: 8078189503502839339}
  m_Enabled: 1
  m_EditorHideFlags: 0
  m_Script: {fileID: 11500000, guid: e33c542f51904155994d8cb1b78d3d92, type: 3}
  m_Name: 
  m_EditorClassIdentifier: 
  _animator: {fileID: 4498944091074668143}
--- !u!114 &7904731521731418570
MonoBehaviour:
  m_ObjectHideFlags: 0
  m_CorrespondingSourceObject: {fileID: 0}
  m_PrefabInstance: {fileID: 0}
  m_PrefabAsset: {fileID: 0}
  m_GameObject: {fileID: 8078189503502839339}
  m_Enabled: 1
  m_EditorHideFlags: 0
  m_Script: {fileID: 11500000, guid: dc0fdc5faeb94241a8276aa9e15bb988, type: 3}
  m_Name: 
  m_EditorClassIdentifier: 
  _crowdUnitAnimator: {fileID: 6595737701732946735}
--- !u!114 &7075826293553022160
MonoBehaviour:
  m_ObjectHideFlags: 0
  m_CorrespondingSourceObject: {fileID: 0}
  m_PrefabInstance: {fileID: 0}
  m_PrefabAsset: {fileID: 0}
  m_GameObject: {fileID: 8078189503502839339}
  m_Enabled: 1
  m_EditorHideFlags: 0
  m_Script: {fileID: 11500000, guid: 7e67c92e7c4043b08edbd8f7c926c553, type: 3}
  m_Name: 
  m_EditorClassIdentifier: 
  _meshRenderer: {fileID: 5715467787283557026}
--- !u!114 &283141079662427458
MonoBehaviour:
  m_ObjectHideFlags: 0
  m_CorrespondingSourceObject: {fileID: 0}
  m_PrefabInstance: {fileID: 0}
  m_PrefabAsset: {fileID: 0}
  m_GameObject: {fileID: 8078189503502839339}
  m_Enabled: 1
  m_EditorHideFlags: 0
  m_Script: {fileID: 11500000, guid: 2579b4545f234eb4ae56e5830d3c583a, type: 3}
  m_Name: 
  m_EditorClassIdentifier: 
  _particleSystems:
  - {fileID: 903502352060429455}
--- !u!1 &8601057494992509012
GameObject:
  m_ObjectHideFlags: 0
  m_CorrespondingSourceObject: {fileID: 0}
  m_PrefabInstance: {fileID: 0}
  m_PrefabAsset: {fileID: 0}
  serializedVersion: 6
  m_Component:
  - component: {fileID: 1441402174225157652}
  m_Layer: 0
  m_Name: AndroidSpine1
  m_TagString: Untagged
  m_Icon: {fileID: 0}
  m_NavMeshLayer: 0
  m_StaticEditorFlags: 0
  m_IsActive: 1
--- !u!4 &1441402174225157652
Transform:
  m_ObjectHideFlags: 0
  m_CorrespondingSourceObject: {fileID: 0}
  m_PrefabInstance: {fileID: 0}
  m_PrefabAsset: {fileID: 0}
  m_GameObject: {fileID: 8601057494992509012}
  m_LocalRotation: {x: -0.0000006585047, y: -0.00000518072, z: -0.18888642, w: 0.981999}
  m_LocalPosition: {x: -0.24604324, y: -0.01882496, z: -0.000000076293944}
  m_LocalScale: {x: 1.0000005, y: 1.0000005, z: 1}
  m_Children:
  - {fileID: 2311085397418077929}
  m_Father: {fileID: 8849486954558777391}
  m_RootOrder: 2
  m_LocalEulerAnglesHint: {x: 0, y: 0, z: 0}
--- !u!1 &9079729806719396917
GameObject:
  m_ObjectHideFlags: 0
  m_CorrespondingSourceObject: {fileID: 0}
  m_PrefabInstance: {fileID: 0}
  m_PrefabAsset: {fileID: 0}
  serializedVersion: 6
  m_Component:
  - component: {fileID: 8849486954558777391}
  m_Layer: 0
  m_Name: AndroidPelvis
  m_TagString: Untagged
  m_Icon: {fileID: 0}
  m_NavMeshLayer: 0
  m_StaticEditorFlags: 0
  m_IsActive: 1
--- !u!4 &8849486954558777391
Transform:
  m_ObjectHideFlags: 0
  m_CorrespondingSourceObject: {fileID: 0}
  m_PrefabInstance: {fileID: 0}
  m_PrefabAsset: {fileID: 0}
  m_GameObject: {fileID: 9079729806719396917}
  m_LocalRotation: {x: 0.49912283, y: -0.50086695, z: -0.49913183, w: 0.50087535}
  m_LocalPosition: {x: -0.011037767, y: 0.30790028, z: -0.061908502}
  m_LocalScale: {x: 0.16247678, y: 0.16247678, z: 0.16247678}
  m_Children:
  - {fileID: 9057131034456802653}
  - {fileID: 4369457556747683693}
  - {fileID: 1441402174225157652}
  m_Father: {fileID: 2671113031773164654}
  m_RootOrder: 1
  m_LocalEulerAnglesHint: {x: 0, y: 0, z: 0}
--- !u!1001 &99721846678848153
PrefabInstance:
  m_ObjectHideFlags: 0
  serializedVersion: 2
  m_Modification:
    m_TransformParent: {fileID: 7272969855889347297}
    m_Modifications:
    - target: {fileID: 1003083253615769110, guid: ef5fc9618b4a44545a7d3dacf78209ba, type: 3}
      propertyPath: playOnAwake
      value: 0
      objectReference: {fileID: 0}
    - target: {fileID: 1708865646707053377, guid: ef5fc9618b4a44545a7d3dacf78209ba, type: 3}
      propertyPath: m_Name
      value: Rocket Fire
      objectReference: {fileID: 0}
    - target: {fileID: 1708865646707053377, guid: ef5fc9618b4a44545a7d3dacf78209ba, type: 3}
      propertyPath: m_IsActive
      value: 1
      objectReference: {fileID: 0}
    - target: {fileID: 6780205343786489179, guid: ef5fc9618b4a44545a7d3dacf78209ba, type: 3}
      propertyPath: m_RootOrder
      value: 2
      objectReference: {fileID: 0}
    - target: {fileID: 6780205343786489179, guid: ef5fc9618b4a44545a7d3dacf78209ba, type: 3}
      propertyPath: m_LocalPosition.x
      value: 0
      objectReference: {fileID: 0}
    - target: {fileID: 6780205343786489179, guid: ef5fc9618b4a44545a7d3dacf78209ba, type: 3}
      propertyPath: m_LocalPosition.y
      value: 0.647
      objectReference: {fileID: 0}
    - target: {fileID: 6780205343786489179, guid: ef5fc9618b4a44545a7d3dacf78209ba, type: 3}
      propertyPath: m_LocalPosition.z
      value: 0
      objectReference: {fileID: 0}
    - target: {fileID: 6780205343786489179, guid: ef5fc9618b4a44545a7d3dacf78209ba, type: 3}
      propertyPath: m_LocalRotation.w
      value: 1
      objectReference: {fileID: 0}
    - target: {fileID: 6780205343786489179, guid: ef5fc9618b4a44545a7d3dacf78209ba, type: 3}
      propertyPath: m_LocalRotation.x
      value: 0
      objectReference: {fileID: 0}
    - target: {fileID: 6780205343786489179, guid: ef5fc9618b4a44545a7d3dacf78209ba, type: 3}
      propertyPath: m_LocalRotation.y
      value: 0
      objectReference: {fileID: 0}
    - target: {fileID: 6780205343786489179, guid: ef5fc9618b4a44545a7d3dacf78209ba, type: 3}
      propertyPath: m_LocalRotation.z
      value: 0
      objectReference: {fileID: 0}
    - target: {fileID: 6780205343786489179, guid: ef5fc9618b4a44545a7d3dacf78209ba, type: 3}
      propertyPath: m_LocalEulerAnglesHint.x
      value: 0
      objectReference: {fileID: 0}
    - target: {fileID: 6780205343786489179, guid: ef5fc9618b4a44545a7d3dacf78209ba, type: 3}
      propertyPath: m_LocalEulerAnglesHint.y
      value: 0
      objectReference: {fileID: 0}
    - target: {fileID: 6780205343786489179, guid: ef5fc9618b4a44545a7d3dacf78209ba, type: 3}
      propertyPath: m_LocalEulerAnglesHint.z
      value: 0
      objectReference: {fileID: 0}
    m_RemovedComponents: []
  m_SourcePrefab: {fileID: 100100000, guid: ef5fc9618b4a44545a7d3dacf78209ba, type: 3}
--- !u!4 &6879926468491270082 stripped
Transform:
  m_CorrespondingSourceObject: {fileID: 6780205343786489179, guid: ef5fc9618b4a44545a7d3dacf78209ba, type: 3}
  m_PrefabInstance: {fileID: 99721846678848153}
  m_PrefabAsset: {fileID: 0}
--- !u!198 &903502352060429455 stripped
ParticleSystem:
  m_CorrespondingSourceObject: {fileID: 1003083253615769110, guid: ef5fc9618b4a44545a7d3dacf78209ba, type: 3}
  m_PrefabInstance: {fileID: 99721846678848153}
  m_PrefabAsset: {fileID: 0}
--- !u!1001 &6803490351180710581
PrefabInstance:
  m_ObjectHideFlags: 0
  serializedVersion: 2
  m_Modification:
    m_TransformParent: {fileID: 7272969855889347297}
    m_Modifications:
    - target: {fileID: 4812040768427015747, guid: 7202814f41cfcfb4d8767ccb62880bcb, type: 3}
      propertyPath: m_Name
      value: Smoke
      objectReference: {fileID: 0}
    - target: {fileID: 4812040768427015747, guid: 7202814f41cfcfb4d8767ccb62880bcb, type: 3}
      propertyPath: m_IsActive
      value: 0
      objectReference: {fileID: 0}
    - target: {fileID: 4812040768427015748, guid: 7202814f41cfcfb4d8767ccb62880bcb, type: 3}
      propertyPath: m_RootOrder
      value: 1
      objectReference: {fileID: 0}
    - target: {fileID: 4812040768427015748, guid: 7202814f41cfcfb4d8767ccb62880bcb, type: 3}
      propertyPath: m_LocalPosition.x
      value: 0
      objectReference: {fileID: 0}
    - target: {fileID: 4812040768427015748, guid: 7202814f41cfcfb4d8767ccb62880bcb, type: 3}
      propertyPath: m_LocalPosition.y
      value: 0
      objectReference: {fileID: 0}
    - target: {fileID: 4812040768427015748, guid: 7202814f41cfcfb4d8767ccb62880bcb, type: 3}
      propertyPath: m_LocalPosition.z
      value: 0
      objectReference: {fileID: 0}
    - target: {fileID: 4812040768427015748, guid: 7202814f41cfcfb4d8767ccb62880bcb, type: 3}
      propertyPath: m_LocalRotation.w
      value: 0.5
      objectReference: {fileID: 0}
    - target: {fileID: 4812040768427015748, guid: 7202814f41cfcfb4d8767ccb62880bcb, type: 3}
      propertyPath: m_LocalRotation.x
      value: -0.5
      objectReference: {fileID: 0}
    - target: {fileID: 4812040768427015748, guid: 7202814f41cfcfb4d8767ccb62880bcb, type: 3}
      propertyPath: m_LocalRotation.y
      value: 0.5
      objectReference: {fileID: 0}
    - target: {fileID: 4812040768427015748, guid: 7202814f41cfcfb4d8767ccb62880bcb, type: 3}
      propertyPath: m_LocalRotation.z
      value: -0.5
      objectReference: {fileID: 0}
    - target: {fileID: 4812040768427015748, guid: 7202814f41cfcfb4d8767ccb62880bcb, type: 3}
      propertyPath: m_LocalEulerAnglesHint.x
      value: -180
      objectReference: {fileID: 0}
    - target: {fileID: 4812040768427015748, guid: 7202814f41cfcfb4d8767ccb62880bcb, type: 3}
      propertyPath: m_LocalEulerAnglesHint.y
      value: -90
      objectReference: {fileID: 0}
    - target: {fileID: 4812040768427015748, guid: 7202814f41cfcfb4d8767ccb62880bcb, type: 3}
      propertyPath: m_LocalEulerAnglesHint.z
      value: 90
      objectReference: {fileID: 0}
    - target: {fileID: 4812040768427015749, guid: 7202814f41cfcfb4d8767ccb62880bcb, type: 3}
      propertyPath: lengthInSec
      value: 0.05
      objectReference: {fileID: 0}
    - target: {fileID: 4812040768427015749, guid: 7202814f41cfcfb4d8767ccb62880bcb, type: 3}
      propertyPath: InitialModule.startSpeed.scalar
      value: 4
      objectReference: {fileID: 0}
    - target: {fileID: 4812040768427015749, guid: 7202814f41cfcfb4d8767ccb62880bcb, type: 3}
      propertyPath: InitialModule.startSize.minScalar
      value: 1
      objectReference: {fileID: 0}
    - target: {fileID: 4812040768427015749, guid: 7202814f41cfcfb4d8767ccb62880bcb, type: 3}
      propertyPath: EmissionModule.rateOverTime.scalar
      value: 20
      objectReference: {fileID: 0}
    - target: {fileID: 4812040768427015749, guid: 7202814f41cfcfb4d8767ccb62880bcb, type: 3}
      propertyPath: InitialModule.startLifetime.scalar
      value: 1.5
      objectReference: {fileID: 0}
    - target: {fileID: 4812040768427015749, guid: 7202814f41cfcfb4d8767ccb62880bcb, type: 3}
      propertyPath: InitialModule.startLifetime.minScalar
      value: 0.4
      objectReference: {fileID: 0}
    - target: {fileID: 4812040768427015749, guid: 7202814f41cfcfb4d8767ccb62880bcb, type: 3}
      propertyPath: SizeModule.curve.maxCurve.m_Curve.Array.data[0].time
      value: 0
      objectReference: {fileID: 0}
    - target: {fileID: 4812040768427015749, guid: 7202814f41cfcfb4d8767ccb62880bcb, type: 3}
      propertyPath: SizeModule.curve.maxCurve.m_Curve.Array.data[0].value
      value: 0.8108073
      objectReference: {fileID: 0}
    - target: {fileID: 4812040768427015749, guid: 7202814f41cfcfb4d8767ccb62880bcb, type: 3}
      propertyPath: SizeModule.curve.maxCurve.m_Curve.Array.data[0].inSlope
      value: 2.1201093
      objectReference: {fileID: 0}
    - target: {fileID: 4812040768427015749, guid: 7202814f41cfcfb4d8767ccb62880bcb, type: 3}
      propertyPath: SizeModule.curve.maxCurve.m_Curve.Array.data[0].outSlope
      value: 2.1201093
      objectReference: {fileID: 0}
    - target: {fileID: 4812040768427015749, guid: 7202814f41cfcfb4d8767ccb62880bcb, type: 3}
      propertyPath: SizeModule.curve.maxCurve.m_Curve.Array.data[0].outWeight
      value: 0.10835912
      objectReference: {fileID: 0}
    m_RemovedComponents: []
  m_SourcePrefab: {fileID: 100100000, guid: 7202814f41cfcfb4d8767ccb62880bcb, type: 3}
--- !u!4 &2066334161847106801 stripped
Transform:
  m_CorrespondingSourceObject: {fileID: 4812040768427015748, guid: 7202814f41cfcfb4d8767ccb62880bcb, type: 3}
  m_PrefabInstance: {fileID: 6803490351180710581}
  m_PrefabAsset: {fileID: 0}
